1425 2334
272 111 414 152 POST
443 110 714 150 REDITUM
745 111 778 149 Ι.
809 111 912 149 ΟΑΡ.
939 112 999 150 124
1112 111 1186 160 1Οᾷ

85 215 239 266 deeque,
254 217 396 256 vidistis
409 219 427 256 Ρ
456 218 605 268 Itaque,
627 217 672 255 P.
695 217 851 255 Lentuli
869 216 1190 265 benefic-iovexcelff

86 269 178 309 lenti
207 277 320 322 atque
350 270 492 318 divino,
511 283 586 308 non
614 271 756 308 reducti
787 283 917 308 sumus
940 270 979 306 in
1007 270 1185 320 patriam,

85 322 181 359 sicut
195 324 367 362 nonnulli
378 324 571 362 clarissimi
585 324 695 373 cives,
716 323 781 361 sed
799 324 904 375 equis
921 323 1131 373 insignibus
1150 331 1187 360 et

85 387 197 413 curru
216 385 345 415 aurato
363 377 551 428 reportati.

139 428 300 467 Possum
315 443 383 481 ego
397 430 483 468 satis
494 430 533 467 in
547 430 617 468 Cn.
632 430 859 481 Pompeium
871 442 1041 480 unquam
1057 435 1186 479 gratus

86 480 216 528 videri,
247 483 314 533 qui
342 495 418 521 non
447 484 569 521 solum
598 484 701 534 apud
733 496 810 530 vos,
831 483 898 533 qui
929 495 1058 520 omnes
1082 482 1183 519 idem

84 534 312 583 sentiebatis,
349 537 413 574 sed
448 536 560 574 etiam
597 537 700 587 apud
738 537 956 574 universum
993 535 1181 586 populum

83 586 319 637 Romanum,
340 590 500 628 salutem
530 590 744 641 reipublicae
774 598 810 627 et
839 597 1091 627 conservatam
1119 601 1185 638 per

83 652 159 688 me,
173 648 209 678 et
219 643 456 691 conjunctam
471 656 548 681 esse
559 656 646 681 cum
658 643 756 689 mea,
772 642 935 680 dixerit?
952 642 1018 692 qui
1033 654 1184 679 causam

81 705 207 731 meam
222 695 468 745 prudentibus
479 696 764 743 commendarit,
778 695 969 746 imperitos
984 694 1184 741 edocuerit,

81 746 288 798 eodemque
302 755 468 799 tempore
482 749 674 800 improbos
685 749 902 786 auctoritate
914 748 982 786 sua
996 761 1183 798 compres-

83 799 196 845 serit3
227 803 343 839 bonos
363 802 556 840 excitarit:
586 802 652 854 qui
670 803 856 852 populum
877 802 1097 839 Romanum
1115 813 1185 850 pro

82 864 157 898 me,
175 861 371 904 tamquam
389 868 458 905 pro
476 855 589 893 fratre
606 863 673 893 aut
690 868 760 906 pro
778 862 944 905 parente,
964 866 1040 891 non
1059 854 1183 891 solum

83 904 253 944 hortatus
272 907 332 953 sit,
352 921 483 945 verum
502 909 615 946 etiam
634 908 857 946 obsecrarit:
888 908 969 957 qui,
989 907 1069 957 ipse
1095 919 1183 944 culn

83 967 234 1009 propter
261 967 407 998 metum
439 960 686 998 dimicationis
716 968 752 999 et
781 960 972 1010 sanguinis
1004 960 1116 1008 domo
1146 972 1185 997 se

83 1019 236 1058 teneret,
256 1013 368 1050 etiam
387 1027 410 1050 a
427 1014 680 1064 superioribus
705 1013 866 1051 tribunis
894 1012 1054 1063 petierit,
1075 1020 1118 1050 ut
1137 1012 1184 1050 de

83 1065 203 1102 salute
220 1066 306 1103 mea
324 1073 360 1103 et
377 1067 660 1117 promulgarent
679 1073 715 1104 et
733 1066 934 1104 referrent:
963 1066 1043 1116 qui,
1064 1066 1103 1102 in
1122 1078 1183 1103 co-

81 1117 185 1156 lonia
203 1131 322 1169 nuper
336 1118 536 1157 constituta
553 1131 640 1156 cum
654 1120 735 1170 ipse
748 1125 889 1169 gereret
901 1119 1179 1169 magistratum,

81 1170 122 1208 in
143 1171 220 1222 qua
237 1183 348 1210 nemo
362 1179 440 1210 erat
453 1180 576 1210 emtus
589 1172 819 1218 intercessor,
833 1171 911 1209 vim
930 1179 966 1209 et
985 1171 1184 1211 crudelita-.

81 1230 158 1262 tem
195 1224 393 1276 privilegii,
420 1225 638 1263 auctoritate
674 1224 1022 1262 honestissimorum
1058 1224 1183 1261 homi-⁴

80 1289 192 1325 num,
223 1286 260 1316 et
288 1278 448 1329 publicis
473 1278 604 1325 literis,
639 1278 890 1328 consignarit3
919 1278 1181 1328 princepsque,

79 1331 206 1370 Italiae
224 1332 338 1371 totius
356 1331 572 1382 praesidium
591 1331 639 1368 ad.
656 1344 781 1369 meam
799 1331 959 1369 salutem
978 1331 1183 1381 imploran-

79 1384 175 1422 dum
199 1385 366 1435 putarit:
396 1385 476 1436 qui,
506 1385 690 1436 cumipse
708 1384 804 1421 mihi
828 1396 974 1434 semper
1003 1384 1182 1421 amicissi-

76 1450 168 1477 mus
185 1438 329 1486 fuisset,
349 1438 462 1478 etiam
488 1445 533 1477 ut
558 1451 644 1478 suos
671 1437 892 1479 necessarios
922 1437 1019 1474 mihi
1046 1437 1184 1476 amicos

80 1491 264 1539 redderet,
285 1493 494 1531 elaborarit.
1168 1519 1171 1522 ι

145 1544 247 1585 XII.
276 1545 429 1592 Quibus
454 1553 580 1585 autem
609 1544 738 1583 officiis
766 1544 816 1582 T.
849 1543 973 1582 Annii
1001 1543 1182 1582 beneficia

74 1598 373 1637 remunerabor?
401 1602 508 1649 cujus
543 1598 666 1637 omnis
701 1598 810 1644 actio,
848 1597 956 1643 ratio,
993 1597 1181 1647 cogitatio,

73 1657 182 1690 totus
210 1652 372 1702 denique
399 1653 626 1697 tribunatus,
652 1651 749 1687 nihil
773 1650 877 1688 aliud
898 1650 985 1696 fuit,
1006 1649 1078 1687 nisi
1095 1662 1183 1687 con-

77 1711 198 1752 stans,
225 1712 419 1756 perpetua,
441 1705 561 1751 fortis,
580 1703 718 1742 invicta
735 1703 900 1740 defensio
922 1702 1052 1746 salutis
1075 1715 1182 1740 meae.

77 1757 190 1804 Quid
207 1757 254 1795 de
278 1758 323 1796 P.
344 1758 472 1796 Sextio
485 1759 619 1809 loquar
632 1759 649 1794 Ρ
678 1756 745 1806 qui
759 1768 866 1794 suam
886 1768 973 1805 erga
991 1767 1053 1792 me
1070 1757 1184 1793 bene-

76 1810 285 1848 *volentiam
316 1817 354 1849 et
374 1811 503 1858 fidem,
533 1822 610 1849 non
639 1809 762 1847 solum
792 1808 910 1846 animi
944 1808 1084 1857 dolore,
1118 1809 1182 1859 sed

84 1863 198 1901 etiam
215 1863 377 1914 corporis
393 1863 625 1910 vulneribus,
645 1861 818 1900 ostendit.

136 1916 256 1954 Vobis
288 1929 387 1965 vero,
418 1924 541 1968 patres
568 1915 779 1965 conscripti,
813 1913 971 1964 singulis
990 1920 1026 1951 et
1050 1914 1109 1965 egi
1145 1921 1183 1952 et

77 1981 194 2020 agam
211 1969 360 2019 gratias.
388 1969 582 2008 Universis
600 1968 660 2019 egi
684 1970 732 2006 ab
750 1967 870 2013 initio,
897 1974 1082 2017 quantum
1113 1981 1181 2017 po-

82 2022 165 2060 tui:
208 2022 296 2062 satis
323 2030 450 2061 ornate
479 2035 588 2074 agere
616 2021 722 2059 nullo
752 2020 866 2058 niodo
896 2033 1064 2070 possum.
1111 2021 1178 2069 Et,

81 2087 317 2126 quamquam
335 2083 424 2115 sunt
449 2076 489 2113 in
506 2088 570 2113 me
586 2074 774 2125 praecipua
797 2073 932 2110 merita
954 2073 1177 2123 multorum,

76 2141 169 2180 quq}
185 2127 287 2168 sileri
296 2129 403 2168 nullo
420 2128 534 2168 modo
546 2134 716 2180 possunt,
729 2133 856 2166 tamen
868 2126 985 2176 hujus
1004 2125 1180 2177 temporis
