1425 2334
352 100 464 141 PRO
493 101 715 140 SEXTIO.
747 103 849 139 cir.
885 102 942 139 13.
1120 100 1197 144 273

99 216 235 255 rentes,
254 209 530 246 honestissimos
549 209 690 259 equites
717 210 924 253 Romanos,
946 206 1199 258 deprecatores

101 262 231 300 salutis
249 274 356 308 meae,
381 262 545 310 jusserit,
566 274 703 312 eosque
721 274 919 312 operarum
940 272 1094 298 suarum
1118 260 1200 310 gla-

101 314 174 352 diis
203 322 240 353 et
266 314 456 365 lapidibus
487 315 688 364 objecerit:
729 314 776 352 de
805 313 1021 352 consulibus
1051 313 1199 363 loquor,

100 380 262 417 quorum
281 367 356 406 fide
373 368 582 419 respublica
599 367 670 405 niti
687 368 829 406 debuit.

155 420 409 459 Exanimatus
434 422 556 459 evolat
577 434 624 459 ex
649 428 795 467 senatu,
817 433 892 459 non
911 421 1038 458 minus
1057 427 1203 471 pertur-

100 475 189 512 bato
207 474 334 512 animo
353 482 466 526 atque
485 475 608 522 vultu,
629 487 745 525 quam
765 475 809 521 si,
829 473 959 525 paucis
979 481 1065 510 ante
1083 473 1203 519 annis,

100 527 141 564 in
160 527 386 566 creditorum
405 535 630 566 conventum
645 528 856 566 incidisset:
887 527 1043 565 advocat
1061 526 1206 564 concio-

101 592 214 618 nem:
244 581 359 618 habet
386 581 593 619 orationem
623 582 737 618 talem
766 581 909 628 consul,
934 580 1085 631 qualem
1108 591 1206 617 nun-

103 646 220 683 quam
240 633 405 672 Catilina
422 634 539 672 victor
555 635 772 672 habuisset:
802 634 940 672 Errare
966 633 1152 679 homines,
1175 633 1205 670 si

103 686 219 724 etiam
238 695 321 725 tum
341 696 512 726 senatum
538 687 681 739 aliquid
699 688 738 724 in
762 687 955 738 republica
983 699 1090 737 posse
1109 686 1208 724 arbi-

105 747 314 778 trarentur:
344 741 487 792 equites
506 754 590 778 vero
620 742 814 778 Romanos
832 741 985 778 daturos
1009 740 1110 777 illius
1135 739 1207 777 diei

103 805 246 843 poenas,
267 807 356 844 quo,
377 807 439 831 me
458 795 623 841 consule,
650 807 736 831 cum
762 794 896 844 gladiis
915 794 953 831 in
973 793 1069 831 clivo
1094 793 1210 844 Capi-

103 846 221 884 tolino
249 847 407 885 fuissent
423 862 432 884 :
463 848 606 885 venisse
636 855 786 898 tempus
816 848 875 892 iis,
905 846 972 898 qui
1004 846 1043 883 in
1076 845 1211 884 timore

104 899 276 947 fuissent,
299 902 527 950 (conjuratos
556 901 724 938 videlicet
750 901 912 947 dicebat)
938 899 1139 937 ulciscendi
1159 913 1209 936 se.

105 953 147 991 Si
167 952 322 991 dixisset
345 954 417 992 hoc
441 955 578 999 solum,
603 954 707 992 omni
726 954 910 1005 supplicio
935 960 1028 990 esset
1045 953 1208 1002 dignus:

105 1018 195 1043 nam
214 1007 331 1044 oratio
356 1007 438 1058 ipsa
455 1007 617 1046 consulis
635 1008 840 1057 perniciosa
863 1013 984 1057 potest
1003 1005 1212 1056 rempubli-

107 1072 191 1097 cam
213 1059 448 1098 labefactare.
495 1060 604 1108 Quid
624 1061 764 1107 fecerit,
794 1061 926 1098 videte.
958 1060 1003 1096 L.
1032 1059 1209 1096 Lamiam

107 1113 205 1163 (qui,
225 1126 314 1151 cum
332 1126 394 1151 me
411 1114 551 1164 ipsum,
579 1127 647 1164 pro
666 1127 791 1152 summ
795 1115 817 1152 a
838 1113 1105 1157 familiaritate,
1126 1125 1212 1163 quae

108 1166 203 1204 mihi
221 1179 309 1204 cum
338 1167 464 1214 fratte,
492 1181 579 1205 cum
610 1176 715 1218 patre
738 1169 818 1216 ejus
837 1174 928 1213 erat,
954 1167 1061 1203 unice
1079 1165 1212 1216 dilige-

107 1222 187 1266 bat,
209 1226 308 1266 tum,
328 1233 397 1280 pro
415 1220 620 1271 republica,
641 1221 699 1258 vel
718 1230 878 1258 mortem
893 1227 1067 1270 oppetere
1086 1218 1213 1269 cupie

105 1274 188 1319 bat)
216 1273 257 1310 in
286 1274 461 1311 concione
489 1273 690 1324 relegavit:
723 1273 928 1323 edixitque,
957 1279 999 1310 ut
1029 1273 1076 1309 ab
1108 1272 1212 1310 Urb:

108 1328 252 1364 abesset
276 1326 396 1364 millia
417 1340 600 1378 passuum
623 1326 808 1371 ducenta;
839 1326 941 1377 quod
966 1333 1061 1363 esset
1085 1338 1211 1371 ausus,

109 1392 178 1429 pro
195 1379 280 1426 civi,
301 1393 371 1430 pro
388 1381 484 1419 bene
502 1380 636 1419 merito
659 1381 743 1428 civi,
764 1394 833 1431 pro
853 1379 987 1426 amico,
1007 1391 1077 1430 pro
1101 1391 1213 1429 repu-

111 1431 222 1479 blica,
242 1433 442 1484 deprecari.

165 1487 288 1525 XIII.
319 1487 427 1534 Quid
447 1487 519 1525 hoc
544 1487 699 1525 homine
723 1487 836 1525 facias
852 1490 869 1525 ἓ
899 1494 966 1524 aut
988 1499 1065 1537 quo
1095 1486 1214 1524 civem

110 1539 389 1591 importunum,
405 1549 471 1578 aut
489 1552 565 1591 quo
584 1541 709 1592 potius
721 1541 868 1579 hostem
884 1550 962 1578 tam
975 1540 1211 1585 sceleratum,

114 1595 306 1631 reserves?
335 1594 402 1644 qui
422 1599 482 1635 (ut
500 1594 674 1632 omittam
692 1602 837 1639 caetera,
865 1607 951 1644 quae
969 1601 1058 1631 sunt
1076 1592 1110 1630 ei
1128 1605 1216 1630 cum

113 1646 256 1696 collega
273 1646 433 1683 immani
446 1646 672 1698 impuroque
690 1649 772 1696 conj
779 1656 891 1686 uncta
914 1654 1028 1697 atque
1046 1658 1219 1684 commu-

115 1699 194 1744 nia)
211 1699 283 1737 hoc
297 1711 418 1736 unum
429 1700 543 1738 habet
554 1701 765 1751 proprium,
781 1707 824 1737 ut
836 1700 1023 1751 expulerit
1034 1712 1082 1737 ex
1096 1698 1216 1743 Urbe,

116 1752 302 1803 relegarit,
322 1764 397 1790 non
416 1753 498 1790 dico
523 1753 689 1814 equitem
710 1754 946 1813 Romanum,
967 1765 1044 1790 non
1062 1751 1219 1790 ornatis-

118 1805 262 1842 simum
281 1813 395 1856 atque
412 1805 602 1856 optimum
621 1807 759 1853 virum,
772 1819 849 1844 non
867 1806 1138 1844 amicissimum
1149 1804 1221 1841 rei-

118 1858 280 1909 publicae
291 1859 424 1906 civem,
440 1871 516 1896 non
534 1859 623 1897 1110
613 1873 695 1910 ipso
710 1868 896 1921 tempore,
899 1872 977 1897 una
990 1871 1078 1897 cum
1091 1863 1222 1894 senatu

121 1920 159 1949 et
184 1923 273 1949 cum
291 1912 401 1949 bonis
432 1913 622 1960 omnibus,
642 1926 770 1951 casum
789 1913 900 1950 amici
918 1912 1046 1962 reique
1063 1909 1225 1960 publicae

119 1965 340 2014 lugentem3
371 1966 435 2003 sed
465 1966 583 2003 civem
608 1967 844 2011 Romanum,
872 1966 952 2004 sine
985 1964 1063 2002 ullo
1083 1961 1226 2012 judicio

120 2026 188 2055 aut
205 2017 340 2066 edicto,
360 2031 407 2056 ex
424 2020 546 2070 patria
565 2020 695 2057 consul
713 2020 871 2069 ejecerit.

174 2070 285 2108 Nihil
303 2072 472 2110 acerbius
491 2071 580 2110 socii
599 2072 729 2111 Latini
754 2073 849 2110 ferre
867 2072 966 2110 soliti
985 2078 1086 2117 sunt,
1107 2081 1224 2120 quam

119 2123 190 2170 (id,
210 2123 313 2174 quod
342 2137 495 2175 perraro
520 2125 670 2171 accidit)
689 2139 735 2164 ex
762 2126 868 2162 Urbe
885 2125 987 2163 exire
1012 2137 1035 2161 a
1063 2121 1225 2161 consuli-

117 2178 190 2214 bus
205 2176 343 2225 juberi.
373 2181 508 2229 Atque
525 2178 601 2216 illis
619 2187 702 2216 tum
723 2186 801 2217 erat
816 2177 984 2215 reditus
974 2189 1014 2214 in
1033 2188 1120 2214 suas
1137 2175 1227 2213 eivi-

119 2236 225 2279 tates,
247 2229 294 2270 ad
313 2242 401 2270 suos
424 2232 520 2270 lares
540 2231 767 2270 familiares.
799 2238 848 2276 et,
880 2233 918 2269 in
945 2231 1010 2268 ino
1036 2228 1229 2268 communi
