1389 2339
348 93 475 132 ‚PRO
504 93 706 132 COELIO.
736 93 840 131 CAP.
869 94 933 131 30.
1117 92 1193 135 373

84 198 315 241 <dissensione
343 200 497 246 civium,
528 200 743 251 reipublicae
769 212 876 250 paene
902 199 1080 237 extremis
1097 205 1191 236 tem-

89 253 259 303 poribus,
279 252 391 290 tulit:
421 266 582 304 quaeque
600 254 676 299 lex,
698 253 825 290 sedata
843 253 911 290 illa
931 252 1087 289 flamma
1105 263 1192 289 con-

89 306 233 343 sulatus
245 305 334 350 mei,
347 305 529 343 firmantis
540 306 715 356 reliquias
726 305 990 354 conjurationis
1001 305 1190 343 exstinxit.

81 358 179 396 ‚Hac
197 359 299 396 enim
313 359 395 408 lege
413 359 522 397 Coelii
539 359 799 404 adolescentia,
819 371 895 396 non
911 358 959 395 ad
977 358 1191 409 reipublicae

89 423 232 461 poenas,
259 411 328 461 sed
357 412 405 449 ad
422 413 590 450 mulieris
617 412 792 450 libidines
811 419 847 450 et
864 411 1028 459 delicias,
1060 411 1193 461 depos-

88 471 197 502 cltur.

142 517 280 555 XXX.
307 519 441 568 Atque
464 518 535 555 hoc
563 518 675 555 etiam
701 519 783 555 loco
807 517 868 555 M.
890 517 1063 555 Camurti
1087 525 1124 555 et
1142 517 1187 555 C.

88 569 223 608 Eserni
241 571 434 609 damnatio
453 570 686 622 praedicatur.
718 571 770 616 O,
792 570 1038 608 stultitiamne
1050 570 1187 614 dicam,

87 636 135 661 an
153 624 429 674 impudentiam
448 624 676 674 singularem
694 624 702 660 !
733 623 960 670 Audetisne,
976 636 1064 661 cum
1079 625 1126 660 ab
1146 624 1190 661 eit

84 677 242 714 muliere
265 677 435 723 veniatis,
468 677 589 714 facere
618 677 775 714 istorum
803 677 1002 714 hominum
1030 676 1190 714 mentio-

82 742 196 768 nem.
188 732 204 756 9
225 729 418 768 audetisne
430 730 591 767 excitare
603 730 699 768 tanti
713 729 846 780 flagitii
859 730 1096 783 memoriam,
1112 741 1189 767 non

84 783 308 820 exstinctam
326 783 432 820 illam
453 783 621 842 quidem,
653 782 719 820 sed
743 795 947 834 repressam
974 785 1187 820 v?etustate

84 835 176 883 Quo
194 836 293 874 enim
314 836 371 873 illi
384 836 540 874 crimine
554 844 780 887 peccatoque
794 835 1007 897 perierunt.
998 837 1015 863 ‘³
1036 848 1186 885 nempe,

82 889 187 940 quod
205 889 373 938 ejusdem
387 889 555 926 mulieris
575 889 742 927 dolorem
758 898 794 926 et
809 888 988 937 injuriam
1008 888 1133 926 Vettiz·
1124 901 1187 926 2110

82 941 223 979 nefario
255 950 344 980 sunt
372 950 501 993 stupro
534 942 728 993 persecuti.
771 943 890 992 Ergo,
921 948 965 979 ut
993 941 1186 979 audiretur

83 995 203 1033 Vettii
221 1007 359 1033 nomen
377 995 416 1032 in
431 995 557 1039 causa,
577 1002 621 1032 ut
638 996 703 1032 illa
715 1002 821 1033 vetus
832 994 1046 1032 Afraniana
1057 994 1186 1032 fabula

79 1048 327 1094 refricaretur,
357 1047 492 1086 idcirco
512 1048 685 1086 Camurti
709 1055 746 1086 et
772 1047 908 1086 Eser-ni
927 1060 1039 1085 causa
1056 1055 1112 1086 est
1129 1060 1187 1085 re-

81 1102 245 1139 novata?
273 1102 340 1152 qui
369 1114 603 1152 quamquam
631 1102 714 1152 lege
732 1101 778 1138 de
796 1101 833 1138 vi
862 1108 960 1139 certe
987 1112 1062 1138 non
1083 1110 1184 1138 tene-

81 1155 233 1201 bantur,
253 1167 296 1192 eo
314 1154 498 1192 maleficio
510 1163 636 1192 tamen
652 1163 756 1192 erant
767 1153 965 1205 implicati,
980 1160 1024 1191 ut
1038 1166 1085 1191 ex
1097 1154 1183 1191 nul-

80 1207 155 1245 lius
171 1207 264 1257 legis
281 1208 426 1258 laqueis
444 1208 639 1245 emittendi
657 1207 882 1245 viderentur.
1214 1206 1216 1212 '

134 1260 195 1298 M.
215 1273 301 1299 vero
320 1261 460 1299 Coelius
479 1274 544 1298 cur
562 1261 601 1298 in
616 1261 687 1298 hoc
701 1260 888 1309 judicium
909 1267 1062 1298 vocatur
1075 1262 1093 1298 Ρ
1122 1260 1183 1298 (3111

78 1325 201 1364 neque
211 1314 407 1364 proprium
423 1313 637 1364 quaestionis
656 1314 796 1351 crimen
816 1313 1004 1362 objicitur,
1017 1325 1086 1351 nec
1097 1325 1183 1350 vero

77 1367 223 1418 aliquid
241 1367 442 1416 ejusmodi,
463 1366 564 1417 quod
583 1366 632 1404 sit
651 1380 674 1404 a
691 1366 773 1417 lege
791 1367 1019 1415 sejunctum,
1040 1374 1077 1404 et
1094 1378 1182 1404 cum

80 1420 203 1458 vestra
221 1420 413 1458 severitate
432 1420 690 1468 conjunctum.
731 1419 852 1468 Cujus
870 1419 994 1470 prima
1011 1426 1100 1457 aetas
1118 1418 1182 1456 de-

76 1472 157 1510 dita
175 1473 380 1524 disciplinis
395 1472 481 1518 fuit,
501 1472 621 1523 iisque
636 1472 791 1518 artibus,
808 1472 947 1523 quibus
961 1472 1183 1510 instruimur

75 1525 126 1563 ad
143 1526 247 1564 hunc
266 1538 377 1564 usum
396 1526 596 1571 forensem,
616 1525 664 1563 ad
689 1525 953 1576 capessendam
975 1525 1183 1576 rempubli-

78 1591 176 1625 cam,
202 1579 250 1616 ad
271 1579 467 1624 honorem,
500 1579 674 1629 gloriam,
705 1579 951 1629 dignitatem:
981 1578 1027 1616 iis
1054 1585 1182 1616 autem

79 1631 154 1669 fuit
171 1632 344 1669 amicitiis
365 1632 555 1680 majorum
578 1640 685 1677 natu,
705 1644 869 1682 quorum
893 1631 1034 1669 imitari
1052 1631 1182 1668 indus-

79 1685 191 1722 triam
210 1685 555 1736 continentiamque
571 1685 739 1722 maxime
764 1685 890 1732 vellet,
910 1684 955 1722 iis
974 1684 1181 1735 aequalium

74 1738 224 1786 studiis,
244 1745 287 1775 ut
305 1737 496 1783 eumdem,
511 1750 627 1789 quem
644 1738 780 1789 optimi
797 1750 841 1776 ac
858 1737 1096 1784 nobilissimi,
1116 1750 1181 1787 pe-

74 1798 151 1829 tere
168 1803 322 1829 cursum
339 1791 462 1828 laudis
486 1791 684 1829 videretur.
731 1791 832 1829 Cum
862 1797 989 1828 autem
1020 1790 1179 1840 paulum

66 1845 152 1893 jam
162 1844 304 1882 roboris
314 1844 522 1882 accessisset
533 1851 620 1882 aetat
607 1845 648 1892 i,
663 1844 703 1881 in
714 1844 889 1882 Africam
908 1843 1096 1894 profectus
1109 1850 1178 1887 est,

73 1896 126 1944 Q.
136 1897 319 1957 Pompeio
330 1897 544 1948 proconsuli
562 1897 851 1944 contubernalis,
861 1896 1069 1935 castissimo
1082 1895 1177 1959 viro,

73 1958 190 2000 atque
213 1950 337 1988 omnis
354 1949 466 1988 officii
491 1950 802 2001 diligentissimo.
832 1950 872 1987 in
891 1963 970 2000 qua
987 1947 1178 1999 provincia

70 2015 161 2040 cum
173 2015 231 2040 res
245 2010 351 2040 erant
361 2010 398 2041 et
412 2004 658 2054 possessiones
670 2011 849 2054 paternae,
863 2010 947 2040 tum
959 2001 1074 2040 etiam
1088 2014 1179 2039 usus

71 2055 230 2106 quidam
249 2056 498 2106 provincialis,
519 2069 594 2094 non
614 2057 693 2094 sine
711 2070 823 2094 causa
836 2068 858 2093 a
870 2054 1100 2104 majoribus'
1091 2055 1180 2092 nuic

73 2108 176 2147 aetati
204 2109 378 2146 tributus.
418 2109 599 2148 Discessit
617 2110 721 2148 illinc
743 2108 916 2159 Pompeii
931 2107 1073 2156 judicio
1091 2120 1179 2158 pro-

128 2162 277 2210 (Orat.)
300 2173 402 2200 voL.
425 2174 495 2200 111.
837 2163 862 2198 ‘2
884 2172 911 2198 1(
