1455 2343
206 81 283 119 234
449 81 562 125 PRO
591 84 859 126 PLANCIO.
889 88 992 127 CAP.
1018 89 1077 128 18.

261 188 403 229 XVII.
431 190 499 230 An
515 205 602 232 vero
615 206 736 245 nuper
750 194 945 234 clarissimi
959 197 1057 237 cives
1069 211 1208 239 nomen
1220 202 1312 241 editi

207 242 347 292 judicis
362 257 438 283 non
457 247 640 293 tulerunt,
656 262 744 287 cum
760 262 807 287 ex
820 250 978 289 CXXV
994 252 1201 301 judicibus,
1213 256 1321 307 prin-

211 296 358 347 cipibus
378 301 560 350 equestris
579 302 733 350 ordinis,
754 304 924 355 quinque
939 313 976 343 et
991 305 1111 344 LXX
1130 321 1216 347 reus
1235 310 1323 359 reji-

212 358 324 397 ceret,
345 353 622 405 quinquaginta
651 356 832 401 referret;
861 358 1066 409 omniaque
1085 361 1212 411 potius
1239 376 1325 414 per-

212 403 458 454 miscuerunt,
472 421 589 458 quam
602 409 636 447 ei
646 409 722 460 legi
737 411 1017 463 conditionique
1027 423 1203 464 parerent
1217 429 1229 462 3
1257 429 1327 456 nos

212 469 336 508 neque
355 472 401 497 ex
421 461 571 499 delectis
588 463 792 511 judicibus,
814 465 879 502 sed
899 478 945 503 ex
964 467 1070 504 omni
1083 470 1240 520 populo,
1260 482 1326 508 ne-

211 523 286 561 que
305 512 422 551 editos
441 515 489 552 ad
508 516 767 564 rejiciendum,
797 518 864 556 sed
882 520 930 556 ab
949 528 1161 560 accusatore
1187 525 1324 562 consti-

211 571 326 611 tutos,
344 567 490 615 judices
503 568 556 606 ita
573 569 751 617 feremus,
772 578 816 608 ut
829 572 1022 610 neminem
1036 575 1277 623 rejiciamus?

268 619 407 671 Neque
420 634 488 671 ego
503 635 605 660 nunc
616 623 710 673 legis
728 623 969 675 iniquitatem
985 640 1120 677 queror
1133 642 1145 674 ς
1163 630 1228 668 sed
1245 631 1325 670 fac-

210 678 295 709 tum
315 681 426 712 tuum
445 688 468 712 a
486 676 671 714 sententia
680 677 774 727 legis
786 678 900 716 doceo
912 679 1143 731 discrepare:
1174 690 1212 721 et
1221 684 1320 724 illud

209 728 388 764 acerbum
414 728 617 777 judicium,
638 730 682 777 si,
714 732 1038 781 quemadmodum
1063 743 1215 775 senatus
1233 751 1320 777 cen-

209 779 299 826 suit,
326 782 567 833 populusque
591 784 716 832 jussit,
745 784 799 822 ita
827 786 987 833 fecisses,
1017 796 1061 825 ut
1090 788 1130 826 in
1159 789 1262 830 hunc
1281 801 1318 831 et

209 845 333 881 suam,
354 842 390 872 et
409 837 456 873 ab
475 836 546 874 hoc
565 839 775 876 observatas
794 839 914 877 tribus
933 840 1082 887 ederes3
1112 855 1188 881 non
1203 846 1318 885 modo

208 898 285 924 non
305 901 491 938 quererer,
513 890 578 928 sed
596 891 711 939 hunc,
738 892 929 941 judicibus
960 895 1082 942 editis,
1112 897 1180 948 qui
1209 905 1320 939 testes

207 939 325 978 iidem
340 955 417 980 esse
434 952 598 994 possent,
615 946 832 983 absolutum
850 954 1024 997 putarem
1039 964 1049 987 z
1079 961 1203 1002 neque
1217 964 1320 993 nunc

208 994 332 1032 multo
343 1009 456 1034 secus
476 998 661 1037 existimo.
693 999 794 1037 Cum
809 1000 911 1039 enim
928 1002 996 1040 has
1016 1003 1136 1042 tribus
1155 1005 1316 1057 edidisti,

209 1045 349 1097 ignotis
365 1057 400 1087 te
407 1051 600 1099 judicibus
614 1052 669 1090 uti
683 1054 811 1101 malle,
828 1068 946 1105 quam
960 1057 1071 1104 notis,
1084 1057 1317 1100 indicavisti:

208 1100 341 1151 fugisti
361 1105 584 1143 sententiam
603 1106 720 1157 legis:
743 1108 959 1159 aequitatem
971 1123 1125 1149 omnem
1137 1113 1315 1161 rejecisti:

208 1154 250 1191 in
270 1158 444 1205 tenebris,
466 1172 584 1210 quam
601 1160 641 1197 in
660 1161 758 1209 luce,
779 1174 932 1200 causam
950 1165 1089 1202 versari
1109 1166 1289 1205 maluisti.

263 1207 434 1249 Voltinia
453 1213 573 1251 tribus
592 1215 640 1252 ab
659 1214 731 1252 hoc
753 1224 951 1267 corrupta:
982 1217 1231 1258 Terentinam
1248 1221 1318 1260 ha-

210 1262 345 1301 buerat
363 1266 547 1304 venalem.
578 1267 686 1314 Quid
700 1268 837 1307 diceret
850 1270 953 1320 apud
968 1271 1235 1321 Voltinienses,
1249 1283 1317 1313 aut

209 1315 367 1355 tribules
386 1331 486 1366 suos,
504 1320 681 1368 judices?
709 1321 830 1360 immo
849 1336 935 1361 vero
964 1331 1007 1362 tu
1027 1326 1120 1376 quid
1138 1326 1278 1366 diceres
1297 1331 1315 1368 ‚⁹

211 1381 328 1419 quem
343 1371 510 1419 judicem
524 1387 571 1411 ex
583 1374 658 1412 illis
669 1382 736 1412 aut
750 1376 905 1414 tacitum
921 1385 1055 1416 testem
1067 1379 1236 1428 haberes,
1250 1389 1317 1421 aut

208 1435 296 1460 vero
315 1424 429 1463 etiam
445 1427 624 1465 excitares
639 1430 656 1466 Ρ
684 1428 855 1477 Etenim,
876 1430 907 1468 si
921 1444 1005 1469 reus
1020 1432 1163 1471 tribum
1175 1434 1314 1483 ederet,

209 1475 423 1516 Voltiniam
442 1479 597 1518 fortasse
620 1481 814 1528 Plancius,
848 1493 1001 1535 propter
1020 1486 1249 1526 vicinitatem
1273 1502 1318 1528 ac

208 1531 523 1574 necessitudinem
541 1547 664 1582 suam,
684 1547 761 1573 non
781 1536 966 1575 edidisset.
1000 1539 1068 1588 Et,
1090 1540 1121 1578 si
1140 1542 1319 1592 quaesitor

209 1582 378 1622 edendus
397 1586 543 1634 fuisset,
563 1601 679 1639 quem
692 1589 844 1627 tandem
863 1592 1003 1642 potius,
1025 1606 1142 1644 quam
1156 1595 1260 1634 hunc
1272 1597 1318 1635 C.

209 1636 377 1686 Alfium,
398 1652 513 1690 quem
527 1641 655 1687 habet,
676 1643 738 1680 cui
756 1644 974 1684 notissimus
989 1659 1066 1684 esse
1085 1647 1209 1696 debet,
1230 1649 1320 1688 vici-

207 1702 317 1739 num,
338 1692 531 1741 tribulem,
552 1696 819 1745 gravissimum
837 1698 1033 1737 hominem
1042 1701 1316 1749 justissimum-

210 1757 300 1795 que,
317 1745 522 1785 edidisset?
553 1750 611 1797 cuj
617 1763 660 1787 us
673 1750 828 1800 quidem
844 1753 1014 1803 aequitas,
1028 1761 1064 1791 et
1079 1768 1173 1793 meae
1184 1757 1320 1795 similis

208 1798 384 1837 voluntas
400 1813 488 1851 erga
503 1801 574 1839 Cn.
590 1802 736 1840 Plancii
748 1805 923 1853 salutem,
938 1820 1055 1857 quam
1066 1808 1131 1846 ille
1145 1809 1224 1848 sine
1237 1811 1320 1849 ulla.

205 1851 423 1902 cupiditatis
442 1855 652 1905 suspicione
670 1870 747 1907 prae
766 1870 806 1895 se
824 1858 909 1904 fert,
929 1860 1039 1899 facile
1049 1861 1227 1911 declarat,
1242 1876 1320 1902 non

206 1904 322 1943 fuisse
339 1906 566 1957 fugiendum
585 1910 764 1948 tribulem
783 1911 871 1950 huic
886 1914 1068 1962 judicem,
1096 1916 1158 1954 cui
1182 1917 1320 1968 quaesi-

206 1965 328 1996 torem
348 1960 527 1998 tribulem
547 1964 806 2014 exoptandum
825 1965 940 2005 fuisse
955 1967 1124 2006 videatis.

262 2012 428 2052 XVIII.
459 2015 597 2066 Neque
629 2029 698 2067 ego
731 2029 833 2056 nunc
863 2020 1061 2059 consilium
1089 2023 1323 2074 reprehendo

206 2071 334 2113 tuum,
355 2067 458 2117 quod
476 2080 552 2106 non
567 2082 628 2107 eas
646 2071 781 2118 tribus,
798 2073 938 2123 quibus
956 2074 1018 2113 hic
1029 2076 1198 2115 maxime
1208 2086 1322 2117 notus

206 2126 299 2166 erat,
317 2120 499 2159 edideris:
530 2123 595 2161 sed
610 2137 633 2161 a
645 2131 682 2162 te
696 2125 810 2163 doceo
825 2128 1024 2166 consilium
1038 2141 1114 2167 non
1129 2138 1320 2170 servatum

204 2175 365 2213 senatus.
408 2175 564 2215 Etenim
591 2177 676 2229 quis
704 2186 740 2218 te
766 2186 849 2218 tum
868 2181 1014 2221 audiret
1039 2182 1224 2224 illorum?
1254 2193 1321 2224 aut
