1425 2334
368 94 480 133 PRO
509 92 773 132 PLANCIO.
803 94 905 132 CAP.
932 95 988 133 19.
1151 94 1228 131 235

136 201 229 255 quid
254 201 392 240 diceres
405 202 423 239 ‚⁹
451 206 727 250 sequestremne
753 200 985 240 Plancium?
1014 206 1232 251 respuerent

135 268 243 294 aures
258 269 271 301 ς
300 265 412 293 nemo
429 258 665 303 agnosceret3
694 253 960 303 repudiaretur.
1000 254 1065 291 An
1092 252 1231 304 gratio-

133 308 248 347 sum?
275 307 330 345 illi
348 307 506 345 libenter
524 305 718 342 audirent:
748 318 815 343 nos
834 318 908 343 non
930 307 1058 344 timide
1077 307 1231 343 confite-

132 374 271 399 remur.
312 360 405 398 Noli
423 359 523 398 enim
548 365 693 409 putare,
721 359 947 406 Laterensis,
967 360 1113 410 legibus
1133 359 1229 406 istis,

131 427 226 465 quas
236 420 386 452 senatus
397 412 443 451 de
453 411 598 450 ambitu
610 411 750 449 sancire
761 413 932 459 voluerit,
945 412 985 449 id
996 426 1072 450 esse
1087 418 1228 458 actum,
1272 422 1279 428 ⁴

131 474 176 505 ut
199 466 428 517 suffragatio,
458 471 502 502 ut
531 465 776 512 observantia,
810 473 854 503 ut
882 466 1002 516 gratia
1026 466 1228 503 tolleretur.

133 521 290 571 Semper
307 520 461 557 fuerunt
473 518 563 556 boni
581 518 664 566 viri,
685 518 751 569 qui
765 518 867 569 apud
880 519 1035 557 tribules
1049 531 1134 556 suos
1145 531 1231 568 gra-

131 573 216 611 tiosi
234 586 310 611 esse
328 573 478 610 vellent.

187 627 325 677 Neque
342 638 428 663 vero
446 632 526 662 tam
545 623 661 662 durus
679 623 718 661 in
737 624 886 675 plebem
900 633 1023 663 noster
1041 625 1131 663 ordo
1142 626 1230 672 fuit,

133 686 178 717 ut
196 692 279 717 eam
297 678 368 716 coli
385 677 511 716 nostra
529 677 676 715 modica
703 678 924 716 liberalitate
950 679 1135 717 noluerit:
1166 691 1231 716 ne-

134 745 209 783 que
226 733 298 770 hoc
315 731 442 769 liben's
463 730 598 768 nostris
616 730 914 769 interdicendum
933 740 1003 779 est,
1035 744 1082 769 ne
1108 733 1233 770 obser-

134 792 224 823 vent
242 785 396 822 tribules
408 797 507 831 suos,
520 796 568 821 ne
581 783 754 834 diligant,
770 796 817 822 ne
828 784 1007 822 conficere
1020 785 1232 823 necessariis

133 838 210 877 suis
224 851 332 876 suam
350 837 492 875 tribum
511 836 667 887 possint,
683 849 730 874 ne
747 849 816 887 par
833 839 880 875 ab
899 838 943 875 iis
958 850 1098 875 munus
1110 837 1148 875 in
1165 838 1232 876 sua

133 891 313 943 petitione
342 897 549 941 respectent
564 904 573 927 ε
604 890 684 927 haec
712 890 811 927 enim
844 891 956 941 plena
986 899 1074 928 sunt
1104 890 1230 939 officii,

131 945 245 996 plena
263 944 518 989 observantiae,
538 943 651 993 plena
669 943 781 980 etiam
804 943 1048 994 antiquitatis.
1092 943 1172 981 Isto
1191 945 1231 982 in

131 1010 267 1048 genere
282 1005 318 1035 et
329 998 472 1034 fuimus
484 997 570 1047 ipsi,
586 1009 672 1033 cum
685 996 900 1034 ambitionis
915 1004 1051 1035 nostrae
1063 1003 1233 1047 tempora

131 1051 397 1102 postulabant;
428 1057 464 1088 et
482 1049 702 1088 clarissimos
714 1049 810 1087 viros
830 1062 907 1087 esse
922 1050 1099 1095 vidimus,
1113 1057 1150 1087 et
1162 1050 1231 1087 ho-

131 1104 194 1141 die
208 1116 286 1141 esse
298 1103 482 1149 videmus,
497 1102 796 1154 quamplurimos
809 1103 997 1153 gratiosos.
1014 1103 1232 1141 Dccuriatio

133 1156 346 1205 tribulium,
366 1156 564 1206 descriptio
589 1156 734 1206 populi,
760 1156 937 1206 suffragia
954 1155 1150 1206 largitione
1168 1155 1233 1193 de-

132 1209 270 1258 vincta,
290 1209 525 1247 severitatem
540 1212 701 1255 senatus,
715 1216 752 1246 et
766 1211 952 1246 bonorum
971 1209 1144 1247 omnium
1155 1209 1233 1246 vim

132 1275 178 1301 ac
196 1262 376 1309 dolorem,
397 1262 621 1300 excitarunt.
657 1262 753 1299 Haec
780 1262 883 1309 doce,
902 1262 982 1300 haec
1000 1262 1137 1312 profer,
1157 1261 1233 1300 huc

130 1316 324 1363 incumbe,
344 1315 570 1360 Laterensis,
589 1313 795 1352 decuriasse
814 1315 1028 1362 Plancium,
1049 1315 1233 1365 conscrip-

131 1369 235 1417 sisse,
252 1375 479 1420 sequestrem
492 1368 620 1414 fuisse,
640 1368 913 1419 pronuntiasse,
929 1368 1117 1406 divisisse:
1149 1375 1232 1405 tum

131 1422 312 1469 mirabor,
332 1429 369 1460 te
387 1422 431 1459 iis
449 1422 562 1459 armis
574 1421 644 1468 uti,
660 1434 745 1472 quae
759 1421 827 1459 tibi
840 1422 903 1458 lex
917 1421 1043 1468 dabat,
1057 1421 1231 1459 noluisse.

133 1474 359 1513 Tribulibus
377 1475 479 1513 enim
494 1474 699 1524 judicibus,
713 1486 786 1511 non
806 1474 919 1512 modo
939 1474 1172 1512 severitatem
1186 1474 1233 1511 il-

133 1528 274 1575 lorum,
295 1528 327 1566 si
344 1528 415 1566 ista
433 1541 520 1566 vera
538 1535 639 1575 sunt,
660 1527 725 1565 sed
743 1540 791 1565 ne
809 1528 935 1566 vultus
954 1527 1122 1578 quidem,
1139 1528 1235 1564 ferre

135 1593 342 1632 possemus.
379 1581 492 1619 Hanc
510 1588 552 1618 tu
570 1581 752 1618 rationem
783 1593 870 1618 cum
887 1580 1041 1631 fugeris,
1071 1593 1234 1630 cumque

134 1646 200 1671 eos
208 1634 352 1683 judices
363 1633 500 1672 habere
518 1633 695 1680 nolueris,
709 1646 885 1684 quorum,
902 1633 939 1672 in
953 1634 1067 1682 hujus
1080 1633 1229 1680 delicto,

136 1699 225 1724 cum
243 1686 395 1724 scientia
412 1688 627 1734 certissima,
654 1694 738 1724 tum
757 1686 862 1724 dolor
880 1686 1135 1736 gravissimus,
1156 1699 1234 1724 esse

133 1738 307 1777 debuerit
320 1753 332 1785 ;
353 1740 445 1791 quid
457 1740 559 1791 apud
570 1741 636 1777 hos
649 1740 761 1787 dices,
776 1740 843 1791 qui
857 1742 924 1777 abs
936 1747 973 1777 te
986 1739 1089 1778 taciti
1107 1739 1234 1789 requi-

133 1799 236 1839 runt,
257 1805 324 1830 cur
341 1792 411 1831 hoe
429 1794 498 1831 sibi
524 1793 644 1831 oneris
669 1793 905 1844 imposueris,
937 1805 1003 1830 cur
1028 1805 1065 1830 se
1083 1792 1233 1842 potissi-

132 1856 242 1882 mum
271 1845 464 1896 delegeris,
494 1859 560 1885 cur
588 1846 750 1896 denique
779 1859 818 1883 se
842 1845 1009 1884 divinare
1037 1845 1229 1893 malueris,

130 1910 247 1950 quarn
267 1910 343 1944 eos,
363 1899 430 1950 qui
448 1899 598 1947 scirent,
614 1899 815 1948 judicare?

182 1951 301 1988 XIX.
330 1951 416 2001 Ego
432 1952 645 1998 Plancium,
662 1952 888 1999 Laterensis,
905 1958 942 1990 et
954 1951 1079 2002 ipsum
1092 1950 1231 2000 gratio-

127 2015 214 2041 sum
234 2016 311 2041 esse
328 2004 424 2051 dieo,
438 2012 474 2042 et
484 2005 656 2043 habuisse
674 2005 713 2042 in
729 2004 907 2055 petitione
919 2005 1060 2041 multos
1073 2003 1229 2053 cupidos

127 2056 187 2093 sui
216 2056 395 2106 gratiosos
409 2072 434 2108 z⁴
448 2071 544 2109 quos
573 2066 615 2096 tu
642 2058 672 2095 si
699 2058 842 2095 sodales
873 2070 996 2103 vocaS,
1023 2056 1227 2094 officiosam

125 2109 329 2147 amicitiam
348 2111 500 2149 nomine
516 2111 691 2162 inquinas
704 2111 910 2148 criminoso.
943 2110 1024 2155 Sin,
1039 2109 1129 2160 quia
1142 2122 1230 2158 gra-

124 2161 206 2200 tiosi
226 2170 326 2210 sunt,
344 2164 569 2204 accusandos
588 2171 725 2215 putas3
755 2164 832 2202 noli
852 2163 993 2209 mirari,
1009 2170 1044 2200 te
1056 2161 1108 2208 id,
1122 2162 1220 2213 quod
