1425 2334
327 99 438 138 PRO
470 97 734 138 PLANCIO.
763 98 867 137 Cn.
893 99 952 136 16.
1115 100 1194 137 233

93 213 234 253 tamen,
254 205 287 244 si
306 206 362 244 vel
383 217 464 253 sua,
483 204 544 243 vel
563 218 606 243 ea
628 217 714 256 quae
739 205 906 243 maxime
935 210 1030 243 esset
1058 205 1196 257 cuique

93 260 306 308 conjuncta,
325 258 445 296 tribus
463 258 646 305 ederetur,
667 257 732 295 vix
748 257 1012 296 recusandum.

147 311 264 351 XVI.
293 311 358 349 Tu
372 319 514 358 autem,
528 311 758 358 Laterensis,
773 324 867 361 quas
880 311 1001 349 tribus
1015 310 1162 349 edidisti
1176 314 1195 350 ?

97 364 357 412 Terentinam,
373 364 493 402 credo.
523 364 614 402 Fuit
627 364 667 402 id
681 377 835 416 aequum
849 378 861 409 ς
892 371 928 402 et
938 372 1034 402 certe
1046 377 1198 415 exspec-

96 425 220 456 tatum
239 425 314 463 aet3
344 425 380 456 et
397 417 471 455 fuit
487 417 647 468 dignum
665 417 874 455 constantia
898 417 975 455 tua.
1016 418 1136 466 Cujus
1155 425 1197 455 tu

97 471 216 509 tribus
252 471 498 518 venditorem,
531 478 569 508 et
602 477 872 521 corruptorem,
903 477 940 508 et
971 478 1198 521 sequestrem

98 523 298 562 Plancium
317 523 431 562 fuisse
448 523 643 569 elamitas3
672 537 756 562 eam
776 523 917 561 tribum
935 524 1115 574 profect0,
1142 536 1179 561 se

97 577 374 615 verissimorum
391 577 597 628 praesertim
612 577 811 614 hominum
826 584 863 614 et
876 577 1197 627 gravissimorum,

97 630 206 668 edere
218 631 392 668 debuisti.
420 631 479 668 At
498 630 732 668 Voltiniam:
761 630 854 668 libet
868 630 968 667 enim
988 630 1057 667 tibi
1075 630 1199 667 nescio

97 683 193 734 quid
209 683 323 721 etiam
334 683 381 722 de
398 683 464 721 illa
475 683 575 721 tribu
589 683 790 721 criminari.
817 683 930 721 Hanc
948 683 1064 733 igitur
1076 683 1199 734 ipsam

96 750 165 775 cur
182 749 259 774 non
271 736 450 775 edidisti?
478 736 585 783 Quid
600 736 755 774 Plancio
766 749 854 774 cum
868 736 1053 773 Lemonia
1067 738 1084 774 Ρ
1104 736 1198 786 quid

97 802 187 828 cum
205 789 435 828 Veientina?
464 789 558 840 quid
579 802 666 827 cum
692 789 970 828 Crustumina?
999 801 1089 827 nam
1108 789 1199 827 Me-

97 843 206 889 tiam,
220 855 297 880 non
312 856 398 893 quae
408 843 606 892 judicaret,
622 842 687 880 sed
701 856 787 894 quae
800 842 1025 891 rejiceretur,
1041 855 1118 880 esse
1133 855 1199 880 vo·

97 895 214 934 luisti.
253 895 448 934 Dubitatis
466 896 594 946 igitur,
610 895 770 944 judices,
790 896 882 946 quin
902 908 966 933 vos
994 895 1054 933 Μ.
1085 895 1200 933 Late-

98 949 214 987 nensis
231 962 300 987 suo
324 949 481 998 judicio,
511 961 587 986 non
606 949 653 986 ad
672 948 895 986 sententiam
925 948 1030 999 legis,
1062 948 1127 985 sed
1151 948 1199 985 ad

97 1015 208 1040 suam
226 1015 333 1053 spem
349 1003 532 1053 aliquam,
553 1002 599 1039 de
613 1002 759 1040 civitate
770 1001 946 1052 delegerit
959 1005 976 1040 ?
1005 1001 1198 1048 dubitatis,

97 1055 190 1106 quin
211 1068 271 1093 eas
289 1055 422 1103 tribus,
437 1056 477 1093 in
495 1055 634 1106 quibus
651 1067 809 1105 magnas
827 1054 1112 1092 necessitudines
1131 1054 1199 1092 ha-

97 1109 162 1146 bet
181 1108 374 1157 Plancius,
390 1121 478 1147 cum
501 1108 566 1146 ille
583 1120 659 1146 non
679 1108 849 1155 ediderit,
866 1107 1045 1156 judicarit
1069 1107 1198 1145 officiis

97 1163 146 1199 ab
174 1161 246 1200 hoc
262 1163 488 1209 observatas,
515 1173 591 1199 non
620 1162 816 1212 largitione
834 1167 1025 1212 corruptas
1043 1162 1060 1198 ?
1090 1160 1198 1207 Quid

98 1214 201 1252 enim
217 1221 340 1266 potaet
356 1215 490 1263 dicere,
510 1227 577 1253 cur
594 1214 665 1253 ista
689 1215 802 1252 editio
819 1227 896 1252 non
921 1226 1111 1252 summam
1130 1214 1198 1250 ha-

97 1269 185 1306 beat
201 1268 455 1315 acerbitatem,
474 1268 618 1306 remota
631 1267 773 1306 ratione
790 1267 872 1316 im,
887 1279 1004 1319 quarn
1018 1267 1058 1304 in
1072 1266 1198 1304 decer-

98 1320 221 1358 nendo
239 1321 356 1359 secuti
373 1321 530 1359 sumus?

150 1374 216 1412 Tu
233 1374 376 1426 deligas
400 1387 447 1412 ex
465 1374 571 1413 omni
588 1375 729 1426 populo
754 1381 820 1412 aut
849 1374 988 1412 amicos
1014 1380 1112 1419 tuos,
1133 1379 1200 1410 aut

97 1427 269 1466 inimicos
295 1440 412 1476 meos,
442 1434 509 1466 aut
532 1428 695 1479 denique
716 1441 791 1475 eos,
817 1441 912 1478 quos
935 1427 1198 1473 inexorabiles,

99 1492 196 1532 quos
212 1480 454 1529 inhumanos,
471 1493 564 1532 quos
583 1481 764 1528 crudeles,
785 1481 1009 1519 existimes?
1037 1480 1117 1526 Tu,
1137 1492 1200 1516 me

99 1533 245 1585 ignaro,
264 1546 334 1572 nec
350 1533 542 1584 opinante,
564 1533 734 1586 [inscio,]
767 1541 871 1572 notes
890 1541 926 1572 et
943 1541 1041 1580 tuos,
1062 1540 1099 1571 et
1115 1539 1200 1570 tuo-

101 1599 188 1624 rum
205 1587 442 1635 necessarios,
457 1588 518 1625 vel
534 1587 684 1639 iniquos
702 1600 819 1634 meos,
835 1588 895 1626 vel
907 1587 1020 1625 etiam
1032 1586 1201 1624 defenso-

101 1652 187 1677 rum
206 1640 407 1678 meorum?
435 1640 641 1691 eodemque
658 1641 856 1691 adjungas,
876 1653 970 1692 quos
983 1639 1119 1678 natura
1130 1652 1202 1690 pu-

102 1699 158 1730 tes
175 1705 337 1744 asperos,
356 1700 470 1745 atque
487 1695 664 1732 omnibus
677 1694 856 1744 iniquos?
885 1693 1019 1731 deinde
1033 1693 1204 1730 effundas

101 1753 269 1796 repente,
289 1753 333 1783 ut
350 1754 437 1784 ante
453 1759 667 1785 consessum
691 1760 821 1785 eorum
847 1746 1020 1796 judicum
1039 1745 1202 1791 videam,

102 1811 222 1849 quam
239 1799 441 1850 potuerim,
465 1799 534 1850 qui
557 1808 677 1838 essent
698 1800 833 1847 futuri,
863 1799 1072 1851 suspicari?
1101 1798 1204 1849 apud

103 1864 243 1902 eosque
259 1864 337 1900 me,
351 1864 399 1889 ne
409 1852 578 1904 quinque
589 1853 742 1917 quidem
753 1853 911 1902 rejectis,
925 1852 1048 1903 quod.
1037 1864 1077 1889 111
1088 1863 1204 1902 prox-

103 1905 185 1943 imo
202 1917 264 1943 reo
281 1904 329 1942 de
346 1905 489 1943 consilii
507 1905 690 1944 sententia
717 1906 964 1944 constitutum
994 1912 1062 1951 est,
1095 1917 1205 1954 cogas

99 1970 257 1996 causam
269 1957 315 1995 de
327 1957 487 1996 fortunis
499 1959 676 1997 omnibus
686 1959 833 1997 dicere?
862 1960 953 1997 Non
968 1958 1084 2004 enim,
1098 1957 1128 1995 si
1140 1964 1207 1994 aut

105 2011 285 2050 Plancius
302 2010 356 2048 ita
373 2011 481 2059 vixit,
501 2019 544 2049 ut
562 2012 764 2050 offenderet
782 2012 899 2050 sciens
918 2011 1123 2056 neminem,
1139 2017 1206 2047 aut

103 2071 150 2102 tu
167 2064 221 2102 ita
238 2063 382 2111 errasti,
402 2071 446 2102 ut
463 2077 524 2102 eos
542 2065 668 2104 ederes
683 2065 917 2116 imprudens,
930 2071 974 2101 ut
987 2076 1068 2110 nos,
1089 2062 1206 2100 invito

103 2124 158 2166 te,
187 2124 313 2155 tamen
331 2117 380 2155 ad
405 2117 562 2166 judices,
582 2131 658 2156 non
683 2119 730 2156 ad
756 2118 959 2166 carnifices,
979 2116 1204 2164 veniremus,

103 2170 241 2210 idcirco
258 2170 330 2209 ista
345 2170 458 2210 editio
476 2184 542 2222 per
556 2185 594 2209 se
612 2184 687 2210 non
706 2173 838 2211 acerba
855 2178 923 2209 est.

857 2235 883 2260 x
914 2225 938 2259 3
