<?xml version="1.0" encoding="UTF-8"?>
<!DOCTYPE html PUBLIC "-//W3C//DTD XHTML 1.0 Transitional//EN"
    "http://www.w3.org/TR/xhtml1/DTD/xhtml1-transitional.dtd">
<html xmlns="http://www.w3.org/1999/xhtml" xml:lang="en" lang="en">
 <head>
  <title>
</title>
<meta http-equiv="Content-Type" content="text/html;charset=utf-8" />
  <meta name='ocr-system' content='tesseract 3.04.00' />
  <meta name='ocr-capabilities' content='ocr_page ocr_carea ocr_par ocr_line ocrx_word'/>
</head>
<body>
  <div class='ocr_page' id='page_1' title='image "./operaern07ciceuoft_0256.png"; bbox 0 0 1455 2343; ppageno 0'>
   <div class='ocr_carea' id='block_1_1' title="bbox 177 82 1094 146">
    <p class='ocr_par' dir='ltr' id='par_1_1' title="bbox 177 82 1094 146">
     <span class='ocr_line' id='line_1_1' title="bbox 177 82 1094 146; baseline 0.005 -28"><span class='ocrx_word' id='word_1_1' title='bbox 177 144 179 146; x_wconf 21' lang='grc' dir='ltr'>Ι</span> <span class='ocrx_word' id='word_1_2' title='bbox 228 82 307 119; x_wconf 80' lang='grc'>242</span> <span class='ocrx_word' id='word_1_3' title='bbox 462 83 575 123; x_wconf 87' lang='lat' dir='ltr'>PRO</span> <span class='ocrx_word' id='word_1_4' title='bbox 605 83 876 124; x_wconf 83' lang='lat' dir='ltr'><strong>PLANCIO.</strong></span> <span class='ocrx_word' id='word_1_5' title='bbox 905 84 1010 124; x_wconf 79' lang='lat' dir='ltr'><strong>CAP.</strong></span> <span class='ocrx_word' id='word_1_6' title='bbox 1030 86 1094 124; x_wconf 81' lang='lat'>25.</span> 
     </span>
    </p>
   </div>
   <div class='ocr_carea' id='block_1_2' title="bbox 228 188 1350 2233">
    <p class='ocr_par' dir='ltr' id='par_1_2' title="bbox 228 188 1346 1040">
     <span class='ocr_line' id='line_1_2' title="bbox 228 188 1340 245; baseline 0.004 -18"><span class='ocrx_word' id='word_1_7' title='bbox 228 188 416 239; x_wconf 81' lang='lat' dir='ltr'><strong>Fabricio,</strong></span> <span class='ocrx_word' id='word_1_8' title='bbox 437 191 523 243; x_wconf 89' lang='lat' dir='ltr'>quis</span> <span class='ocrx_word' id='word_1_9' title='bbox 546 192 591 231; x_wconf 83' lang='lat' dir='ltr'>C.</span> <span class='ocrx_word' id='word_1_10' title='bbox 607 192 765 231; x_wconf 90' lang='lat' dir='ltr'><strong>Duellio</strong></span> <span class='ocrx_word' id='word_1_11' title='bbox 788 195 951 244; x_wconf 85' lang='lat' dir='ltr'>parem?</span> <span class='ocrx_word' id='word_1_12' title='bbox 979 193 1067 245; x_wconf 89' lang='lat' dir='ltr'>quis</span> <span class='ocrx_word' id='word_1_13' title='bbox 1083 192 1211 231; x_wconf 84' lang='lat' dir='ltr'>Atilio</span> <span class='ocrx_word' id='word_1_14' title='bbox 1227 193 1340 232; x_wconf 86' lang='lat' dir='ltr'>Cala-</span> 
     </span>
     <span class='ocr_line' id='line_1_3' title="bbox 229 244 1337 299; baseline 0.004 -18"><span class='ocrx_word' id='word_1_15' title='bbox 229 244 309 281; x_wconf 90' lang='lat' dir='ltr'>tino</span> <span class='ocrx_word' id='word_1_16' title='bbox 324 246 342 282; x_wconf 83' lang='lat'>?</span> <span class='ocrx_word' id='word_1_17' title='bbox 371 245 457 296; x_wconf 85' lang='lat' dir='ltr'>quis</span> <span class='ocrx_word' id='word_1_18' title='bbox 482 246 552 284; x_wconf 91' lang='lat' dir='ltr'>Cn.</span> <span class='ocrx_word' id='word_1_19' title='bbox 585 254 621 284; x_wconf 86' lang='lat' dir='ltr'>et</span> <span class='ocrx_word' id='word_1_20' title='bbox 647 248 693 286; x_wconf 91' lang='lat' dir='ltr'>P.</span> <span class='ocrx_word' id='word_1_21' title='bbox 724 247 997 298; x_wconf 81' lang='lat' dir='ltr'>Scipionibus?</span> <span class='ocrx_word' id='word_1_22' title='bbox 1035 247 1121 299; x_wconf 92' lang='lat' dir='ltr'>quis</span> <span class='ocrx_word' id='word_1_23' title='bbox 1137 247 1337 296; x_wconf 74' lang='lat' dir='ltr'>Afiicano,</span> 
     </span>
     <span class='ocr_line' id='line_1_4' title="bbox 229 297 1341 347; baseline 0.004 -12"><span class='ocrx_word' id='word_1_24' title='bbox 229 297 429 347; x_wconf 85' lang='lat' dir='ltr'>Marcello,</span> <span class='ocrx_word' id='word_1_25' title='bbox 451 299 660 340; x_wconf 86' lang='lat' dir='ltr'>Maximo?</span> <span class='ocrx_word' id='word_1_26' title='bbox 690 308 817 339; x_wconf 90' lang='lat' dir='ltr'>tamen</span> <span class='ocrx_word' id='word_1_27' title='bbox 835 301 984 341; x_wconf 87' lang='lat' dir='ltr'>eosdem</span> <span class='ocrx_word' id='word_1_28' title='bbox 1003 314 1135 340; x_wconf 87' lang='lat' dir='ltr'>sumus</span> <span class='ocrx_word' id='word_1_29' title='bbox 1152 301 1341 340; x_wconf 87' lang='lat' dir='ltr'>honorum</span> 
     </span>
     <span class='ocr_line' id='line_1_5' title="bbox 230 351 1341 404; baseline 0.003 -15"><span class='ocrx_word' id='word_1_30' title='bbox 230 351 386 401; x_wconf 86' lang='lat' dir='ltr'>gradus,</span> <span class='ocrx_word' id='word_1_31' title='bbox 410 365 504 404; x_wconf 84' lang='lat' dir='ltr'>quos</span> <span class='ocrx_word' id='word_1_32' title='bbox 528 354 598 403; x_wconf 87' lang='lat' dir='ltr'>illi,</span> <span class='ocrx_word' id='word_1_33' title='bbox 619 355 789 394; x_wconf 85' lang='lat' dir='ltr'>assecuti.</span> <span class='ocrx_word' id='word_1_34' title='bbox 827 355 986 393; x_wconf 87' lang='lat' dir='ltr'>Etenim</span> <span class='ocrx_word' id='word_1_35' title='bbox 1005 356 1045 393; x_wconf 92' lang='lat' dir='ltr'>in</span> <span class='ocrx_word' id='word_1_36' title='bbox 1064 355 1203 394; x_wconf 83' lang='lat' dir='ltr'>virtute</span> <span class='ocrx_word' id='word_1_37' title='bbox 1226 355 1341 393; x_wconf 90' lang='lat' dir='ltr'>multi</span> 
     </span>
     <span class='ocr_line' id='line_1_6' title="bbox 231 405 1342 460; baseline 0.004 -17"><span class='ocrx_word' id='word_1_38' title='bbox 231 405 432 445; x_wconf 85' lang='lat' dir='ltr'>adscensus</span> <span class='ocrx_word' id='word_1_39' title='bbox 447 420 459 454; x_wconf 90' lang='grc'>;</span> <span class='ocrx_word' id='word_1_40' title='bbox 489 415 534 446; x_wconf 90' lang='lat' dir='ltr'>ut</span> <span class='ocrx_word' id='word_1_41' title='bbox 551 408 583 446; x_wconf 89' lang='lat' dir='ltr'>is</span> <span class='ocrx_word' id='word_1_42' title='bbox 599 409 721 460; x_wconf 69' lang='lat' dir='ltr'>gloria</span> <span class='ocrx_word' id='word_1_43' title='bbox 738 409 908 447; x_wconf 86' lang='lat' dir='ltr'>maxime</span> <span class='ocrx_word' id='word_1_44' title='bbox 927 409 1100 456; x_wconf 79' lang='lat' dir='ltr'>excellat,</span> <span class='ocrx_word' id='word_1_45' title='bbox 1116 409 1185 460; x_wconf 76' lang='lat' dir='ltr'>qui</span> <span class='ocrx_word' id='word_1_46' title='bbox 1202 408 1342 447; x_wconf 81' lang='lat' dir='ltr'>virtute</span> 
     </span>
     <span class='ocr_line' id='line_1_7' title="bbox 230 459 1344 514; baseline 0.003 -18"><span class='ocrx_word' id='word_1_47' title='bbox 230 459 443 510; x_wconf 89' lang='lat' dir='ltr'>plurimum</span> <span class='ocrx_word' id='word_1_48' title='bbox 462 469 624 513; x_wconf 85' lang='lat' dir='ltr'>praestet.</span> <span class='ocrx_word' id='word_1_49' title='bbox 655 463 856 501; x_wconf 87' lang='lat' dir='ltr'>Honorum</span> <span class='ocrx_word' id='word_1_50' title='bbox 877 463 1011 514; x_wconf 92' lang='lat' dir='ltr'>populi</span> <span class='ocrx_word' id='word_1_51' title='bbox 1029 462 1114 501; x_wconf 90' lang='lat' dir='ltr'>finis</span> <span class='ocrx_word' id='word_1_52' title='bbox 1133 469 1190 501; x_wconf 87' lang='lat' dir='ltr'>est</span> <span class='ocrx_word' id='word_1_53' title='bbox 1207 474 1344 500; x_wconf 88' lang='lat' dir='ltr'>consu-</span> 
     </span>
     <span class='ocr_line' id='line_1_8' title="bbox 231 513 1344 568; baseline 0.004 -18"><span class='ocrx_word' id='word_1_54' title='bbox 231 513 356 560; x_wconf 85' lang='lat' dir='ltr'>latus;</span> <span class='ocrx_word' id='word_1_55' title='bbox 387 528 503 566; x_wconf 86' lang='lat' dir='ltr'>quem</span> <span class='ocrx_word' id='word_1_56' title='bbox 517 517 782 567; x_wconf 80' lang='lat' dir='ltr'>magistratum</span> <span class='ocrx_word' id='word_1_57' title='bbox 798 517 880 566; x_wconf 89' lang='lat' dir='ltr'>jam</span> <span class='ocrx_word' id='word_1_58' title='bbox 898 517 1102 568; x_wconf 86' lang='lat' dir='ltr'>octingenti</span> <span class='ocrx_word' id='word_1_59' title='bbox 1119 516 1196 554; x_wconf 85' lang='lat' dir='ltr'>fere</span> <span class='ocrx_word' id='word_1_60' title='bbox 1214 528 1344 555; x_wconf 84' lang='lat' dir='ltr'>conse-</span> 
     </span>
     <span class='ocr_line' id='line_1_9' title="bbox 233 567 1344 621; baseline 0.004 -17"><span class='ocrx_word' id='word_1_61' title='bbox 233 567 311 605; x_wconf 86' lang='lat' dir='ltr'>cuti</span> <span class='ocrx_word' id='word_1_62' title='bbox 326 576 424 606; x_wconf 82' lang='lat' dir='ltr'>sunt.</span> <span class='ocrx_word' id='word_1_63' title='bbox 454 570 622 617; x_wconf 85' lang='lat' dir='ltr'>Horum,</span> <span class='ocrx_word' id='word_1_64' title='bbox 638 571 669 608; x_wconf 90' lang='lat' dir='ltr'>si</span> <span class='ocrx_word' id='word_1_65' title='bbox 687 570 886 621; x_wconf 84' lang='lat' dir='ltr'>diligenter</span> <span class='ocrx_word' id='word_1_66' title='bbox 899 583 1060 621; x_wconf 86' lang='lat' dir='ltr'>quaeras,</span> <span class='ocrx_word' id='word_1_67' title='bbox 1075 569 1141 609; x_wconf 87' lang='lat' dir='ltr'>vix</span> <span class='ocrx_word' id='word_1_68' title='bbox 1154 567 1344 608; x_wconf 71' lang='lat' dir='ltr'>dedimam</span> 
     </span>
     <span class='ocr_line' id='line_1_10' title="bbox 231 624 1343 675; baseline 0.004 -17"><span class='ocrx_word' id='word_1_69' title='bbox 231 628 380 672; x_wconf 84' lang='lat' dir='ltr'>partem</span> <span class='ocrx_word' id='word_1_70' title='bbox 406 624 567 675; x_wconf 86' lang='lat' dir='ltr'>reperies</span> <span class='ocrx_word' id='word_1_71' title='bbox 589 624 709 674; x_wconf 71' lang='lat' dir='ltr'>gloria</span> <span class='ocrx_word' id='word_1_72' title='bbox 735 624 904 674; x_wconf 86' lang='lat' dir='ltr'>dignam.</span> <span class='ocrx_word' id='word_1_73' title='bbox 935 624 1010 662; x_wconf 89' lang='lat' dir='ltr'>Sed</span> <span class='ocrx_word' id='word_1_74' title='bbox 1034 636 1148 662; x_wconf 88' lang='lat' dir='ltr'>nemo</span> <span class='ocrx_word' id='word_1_75' title='bbox 1169 635 1343 675; x_wconf 88' lang='lat' dir='ltr'>unquam</span> 
     </span>
     <span class='ocr_line' id='line_1_11' title="bbox 234 675 1343 730; baseline 0.004 -18"><span class='ocrx_word' id='word_1_76' title='bbox 234 675 286 713; x_wconf 90' lang='lat' dir='ltr'>sic</span> <span class='ocrx_word' id='word_1_77' title='bbox 300 676 390 727; x_wconf 86' lang='lat' dir='ltr'>egit,</span> <span class='ocrx_word' id='word_1_78' title='bbox 403 684 448 715; x_wconf 87' lang='lat' dir='ltr'>ut</span> <span class='ocrx_word' id='word_1_79' title='bbox 459 684 501 715; x_wconf 88' lang='lat' dir='ltr'>tu</span> <span class='ocrx_word' id='word_1_80' title='bbox 516 692 526 715; x_wconf 79' lang='lat' dir='ltr'>z</span> <span class='ocrx_word' id='word_1_81' title='bbox 553 681 580 700; x_wconf 70' lang='lat'>‘⁶</span> <span class='ocrx_word' id='word_1_82' title='bbox 597 678 677 716; x_wconf 86' lang='lat' dir='ltr'>Cur</span> <span class='ocrx_word' id='word_1_83' title='bbox 691 677 760 716; x_wconf 90' lang='lat' dir='ltr'>iste</span> <span class='ocrx_word' id='word_1_84' title='bbox 771 677 815 715; x_wconf 88' lang='lat' dir='ltr'>fit</span> <span class='ocrx_word' id='word_1_85' title='bbox 829 678 959 716; x_wconf 90' lang='lat' dir='ltr'>consul</span> <span class='ocrx_word' id='word_1_86' title='bbox 973 680 990 716; x_wconf 73' lang='grc' dir='ltr'>’ἓ</span> <span class='ocrx_word' id='word_1_87' title='bbox 1019 677 1113 729; x_wconf 91' lang='lat' dir='ltr'>quid</span> <span class='ocrx_word' id='word_1_88' title='bbox 1123 677 1248 730; x_wconf 82' lang='lat' dir='ltr'>potuit</span> <span class='ocrx_word' id='word_1_89' title='bbox 1260 690 1343 716; x_wconf 88' lang='lat' dir='ltr'>am-</span> 
     </span>
     <span class='ocr_line' id='line_1_12' title="bbox 235 729 1345 783; baseline 0.004 -17"><span class='ocrx_word' id='word_1_90' title='bbox 235 729 352 780; x_wconf 86' lang='lat' dir='ltr'>plius,</span> <span class='ocrx_word' id='word_1_91' title='bbox 374 730 405 768; x_wconf 88' lang='lat' dir='ltr'>si</span> <span class='ocrx_word' id='word_1_92' title='bbox 424 731 472 768; x_wconf 88' lang='lat' dir='ltr'>L.</span> <span class='ocrx_word' id='word_1_93' title='bbox 494 732 639 770; x_wconf 83' lang='lat' dir='ltr'>Brutus</span> <span class='ocrx_word' id='word_1_94' title='bbox 657 738 765 780; x_wconf 82' lang='lat' dir='ltr'>esset,</span> <span class='ocrx_word' id='word_1_95' title='bbox 785 731 853 783; x_wconf 92' lang='lat' dir='ltr'>qui</span> <span class='ocrx_word' id='word_1_96' title='bbox 871 731 1059 770; x_wconf 84' lang='lat' dir='ltr'>civitatem</span> <span class='ocrx_word' id='word_1_97' title='bbox 1078 730 1275 770; x_wconf 85' lang='lat' dir='ltr'>dominatu</span> <span class='ocrx_word' id='word_1_98' title='bbox 1286 744 1345 770; x_wconf 89' lang='lat' dir='ltr'>re-</span> 
     </span>
     <span class='ocr_line' id='line_1_13' title="bbox 232 782 1345 837; baseline 0.002 -17"><span class='ocrx_word' id='word_1_99' title='bbox 232 782 295 833; x_wconf 83' lang='lat' dir='ltr'>gio</span> <span class='ocrx_word' id='word_1_100' title='bbox 306 784 479 823; x_wconf 81' lang='lat' dir='ltr'>liberavit</span> <span class='ocrx_word' id='word_1_101' title='bbox 493 786 539 824; x_wconf 78' lang='lat'>?‘’</span> <span class='ocrx_word' id='word_1_102' title='bbox 563 786 721 824; x_wconf 90' lang='lat' dir='ltr'>Honore</span> <span class='ocrx_word' id='word_1_103' title='bbox 735 785 831 823; x_wconf 89' lang='lat' dir='ltr'>nihil</span> <span class='ocrx_word' id='word_1_104' title='bbox 845 785 1023 837; x_wconf 84' lang='lat' dir='ltr'>amplius,</span> <span class='ocrx_word' id='word_1_105' title='bbox 1036 785 1149 823; x_wconf 87' lang='lat' dir='ltr'>laude</span> <span class='ocrx_word' id='word_1_106' title='bbox 1162 785 1345 823; x_wconf 84' lang='lat' dir='ltr'>multum.</span> 
     </span>
     <span class='ocr_line' id='line_1_14' title="bbox 236 837 1343 891; baseline 0.002 -16"><span class='ocrx_word' id='word_1_107' title='bbox 236 837 299 875; x_wconf 82' lang='lat' dir='ltr'>Sic</span> <span class='ocrx_word' id='word_1_108' title='bbox 315 838 432 888; x_wconf 85' lang='lat' dir='ltr'>igitur</span> <span class='ocrx_word' id='word_1_109' title='bbox 452 839 631 878; x_wconf 83' lang='lat' dir='ltr'>Plancius</span> <span class='ocrx_word' id='word_1_110' title='bbox 651 840 771 877; x_wconf 90' lang='lat' dir='ltr'>nihilo</span> <span class='ocrx_word' id='word_1_111' title='bbox 792 840 920 878; x_wconf 90' lang='lat' dir='ltr'>minus</span> <span class='ocrx_word' id='word_1_112' title='bbox 946 846 1110 891; x_wconf 85' lang='lat' dir='ltr'>quaestor</span> <span class='ocrx_word' id='word_1_113' title='bbox 1128 845 1184 877; x_wconf 84' lang='lat' dir='ltr'>est</span> <span class='ocrx_word' id='word_1_114' title='bbox 1206 838 1343 886; x_wconf 86' lang='lat' dir='ltr'>factus,</span> 
     </span>
     <span class='ocr_line' id='line_1_15' title="bbox 236 892 1345 945; baseline 0.004 -18"><span class='ocrx_word' id='word_1_115' title='bbox 236 897 276 928; x_wconf 87' lang='lat' dir='ltr'>et</span> <span class='ocrx_word' id='word_1_116' title='bbox 302 892 478 931; x_wconf 87' lang='lat' dir='ltr'>tribunus</span> <span class='ocrx_word' id='word_1_117' title='bbox 502 893 638 944; x_wconf 90' lang='lat' dir='ltr'>plebis,</span> <span class='ocrx_word' id='word_1_118' title='bbox 666 901 703 932; x_wconf 87' lang='lat' dir='ltr'>et</span> <span class='ocrx_word' id='word_1_119' title='bbox 725 893 858 941; x_wconf 86' lang='lat' dir='ltr'>aedilis,</span> <span class='ocrx_word' id='word_1_120' title='bbox 879 906 996 945; x_wconf 88' lang='lat' dir='ltr'>quam</span> <span class='ocrx_word' id='word_1_121' title='bbox 1021 893 1051 931; x_wconf 91' lang='lat' dir='ltr'>si</span> <span class='ocrx_word' id='word_1_122' title='bbox 1074 899 1170 932; x_wconf 85' lang='lat' dir='ltr'>esset</span> <span class='ocrx_word' id='word_1_123' title='bbox 1193 905 1345 931; x_wconf 89' lang='lat' dir='ltr'>summo</span> 
     </span>
     <span class='ocr_line' id='line_1_16' title="bbox 235 944 1346 999; baseline 0.002 -17"><span class='ocrx_word' id='word_1_124' title='bbox 235 944 318 983; x_wconf 88' lang='lat' dir='ltr'>loco</span> <span class='ocrx_word' id='word_1_125' title='bbox 336 953 473 985; x_wconf 73' lang='lat' dir='ltr'>natusz</span> <span class='ocrx_word' id='word_1_126' title='bbox 503 948 568 985; x_wconf 80' lang='lat' dir='ltr'>sed</span> <span class='ocrx_word' id='word_1_127' title='bbox 585 947 680 996; x_wconf 86' lang='lat' dir='ltr'>haec,</span> <span class='ocrx_word' id='word_1_128' title='bbox 703 948 787 999; x_wconf 88' lang='lat' dir='ltr'>pari</span> <span class='ocrx_word' id='word_1_129' title='bbox 808 948 890 986; x_wconf 91' lang='lat' dir='ltr'>loco</span> <span class='ocrx_word' id='word_1_130' title='bbox 907 947 994 996; x_wconf 86' lang='lat' dir='ltr'>orti,</span> <span class='ocrx_word' id='word_1_131' title='bbox 1021 954 1110 986; x_wconf 87' lang='lat' dir='ltr'>sunt</span> <span class='ocrx_word' id='word_1_132' title='bbox 1126 947 1346 985; x_wconf 88' lang='lat' dir='ltr'>innumera-</span> 
     </span>
     <span class='ocr_line' id='line_1_17' title="bbox 236 999 632 1040; baseline 0.01 -4"><span class='ocrx_word' id='word_1_133' title='bbox 236 999 333 1037; x_wconf 85' lang='lat' dir='ltr'>biles</span> <span class='ocrx_word' id='word_1_134' title='bbox 349 1000 415 1038; x_wconf 83' lang='lat' dir='ltr'>alii</span> <span class='ocrx_word' id='word_1_135' title='bbox 432 1002 632 1040; x_wconf 80' lang='lat' dir='ltr'>consecuti.</span> 
     </span>
    </p>

    <p class='ocr_par' dir='ltr' id='par_1_3' title="bbox 234 1053 1349 1576">
     <span class='ocr_line' id='line_1_18' title="bbox 290 1053 1347 1107; baseline 0.001 -16"><span class='ocrx_word' id='word_1_136' title='bbox 290 1053 441 1092; x_wconf 88' lang='lat' dir='ltr'>Profers</span> <span class='ocrx_word' id='word_1_137' title='bbox 455 1056 669 1107; x_wconf 87' lang='lat' dir='ltr'>triumphos</span> <span class='ocrx_word' id='word_1_138' title='bbox 688 1056 738 1094; x_wconf 87' lang='lat' dir='ltr'>T.</span> <span class='ocrx_word' id='word_1_139' title='bbox 759 1054 868 1094; x_wconf 89' lang='lat' dir='ltr'>Didii</span> <span class='ocrx_word' id='word_1_140' title='bbox 887 1061 924 1094; x_wconf 87' lang='lat' dir='ltr'>et</span> <span class='ocrx_word' id='word_1_141' title='bbox 949 1054 993 1094; x_wconf 85' lang='lat' dir='ltr'>C.</span> <span class='ocrx_word' id='word_1_142' title='bbox 1014 1053 1158 1100; x_wconf 79' lang='lat' dir='ltr'>Marii3</span> <span class='ocrx_word' id='word_1_143' title='bbox 1188 1060 1225 1093; x_wconf 86' lang='lat' dir='ltr'>et</span> <span class='ocrx_word' id='word_1_144' title='bbox 1241 1067 1347 1106; x_wconf 90' lang='lat' dir='ltr'>quae-</span> 
     </span>
     <span class='ocr_line' id='line_1_19' title="bbox 235 1107 1348 1160; baseline 0.002 -16"><span class='ocrx_word' id='word_1_145' title='bbox 235 1107 300 1155; x_wconf 89' lang='lat' dir='ltr'>ris,</span> <span class='ocrx_word' id='word_1_146' title='bbox 332 1108 426 1160; x_wconf 87' lang='lat' dir='ltr'>quid</span> <span class='ocrx_word' id='word_1_147' title='bbox 455 1109 576 1147; x_wconf 86' lang='lat' dir='ltr'>simile</span> <span class='ocrx_word' id='word_1_148' title='bbox 604 1110 644 1148; x_wconf 90' lang='lat' dir='ltr'>in</span> <span class='ocrx_word' id='word_1_149' title='bbox 675 1109 843 1148; x_wconf 87' lang='lat' dir='ltr'>Plancio.</span> <span class='ocrx_word' id='word_1_150' title='bbox 884 1109 1007 1157; x_wconf 80' lang='lat' dir='ltr'>Quasi</span> <span class='ocrx_word' id='word_1_151' title='bbox 1028 1121 1118 1148; x_wconf 79' lang='lat' dir='ltr'>vero</span> <span class='ocrx_word' id='word_1_152' title='bbox 1140 1108 1217 1156; x_wconf 90' lang='lat' dir='ltr'>isti,</span> <span class='ocrx_word' id='word_1_153' title='bbox 1250 1121 1348 1159; x_wconf 87' lang='lat' dir='ltr'>quos</span> 
     </span>
     <span class='ocr_line' id='line_1_20' title="bbox 236 1161 1346 1216; baseline 0.001 -17"><span class='ocrx_word' id='word_1_154' title='bbox 236 1173 522 1211; x_wconf 80' lang='lat' dir='ltr'>commemoras,</span> <span class='ocrx_word' id='word_1_155' title='bbox 551 1170 748 1216; x_wconf 88' lang='lat' dir='ltr'>propterea</span> <span class='ocrx_word' id='word_1_156' title='bbox 773 1164 895 1215; x_wconf 89' lang='lat' dir='ltr'>magis</span> <span class='ocrx_word' id='word_1_157' title='bbox 920 1163 1034 1201; x_wconf 86' lang='lat' dir='ltr'>laude</span> <span class='ocrx_word' id='word_1_158' title='bbox 1059 1162 1202 1200; x_wconf 83' lang='lat' dir='ltr'>fuerint</span> <span class='ocrx_word' id='word_1_159' title='bbox 1225 1161 1346 1213; x_wconf 82' lang='lat' dir='ltr'>digni,</span> 
     </span>
     <span class='ocr_line' id='line_1_21' title="bbox 237 1215 1348 1269; baseline 0.002 -17"><span class='ocrx_word' id='word_1_160' title='bbox 237 1215 341 1267; x_wconf 86' lang='lat' dir='ltr'>quod</span> <span class='ocrx_word' id='word_1_161' title='bbox 367 1216 666 1268; x_wconf 65' lang='lat' dir='ltr'>triumpharunt,</span> <span class='ocrx_word' id='word_1_162' title='bbox 694 1225 730 1255; x_wconf 89' lang='lat' dir='ltr'>et</span> <span class='ocrx_word' id='word_1_163' title='bbox 753 1230 843 1266; x_wconf 88' lang='lat' dir='ltr'>non,</span> <span class='ocrx_word' id='word_1_164' title='bbox 864 1217 956 1269; x_wconf 89' lang='lat' dir='ltr'>quia</span> <span class='ocrx_word' id='word_1_165' title='bbox 976 1216 1168 1255; x_wconf 89' lang='lat' dir='ltr'>commissi</span> <span class='ocrx_word' id='word_1_166' title='bbox 1195 1222 1285 1254; x_wconf 84' lang='lat' dir='ltr'>sunt</span> <span class='ocrx_word' id='word_1_167' title='bbox 1302 1215 1348 1254; x_wconf 82' lang='lat' dir='ltr'>iis</span> 
     </span>
     <span class='ocr_line' id='line_1_22' title="bbox 236 1269 1347 1322; baseline 0 -16"><span class='ocrx_word' id='word_1_168' title='bbox 236 1269 493 1320; x_wconf 86' lang='lat' dir='ltr'>magistratus,</span> <span class='ocrx_word' id='word_1_169' title='bbox 519 1271 559 1308; x_wconf 87' lang='lat' dir='ltr'>in</span> <span class='ocrx_word' id='word_1_170' title='bbox 583 1272 722 1322; x_wconf 90' lang='lat' dir='ltr'>quibus</span> <span class='ocrx_word' id='word_1_171' title='bbox 749 1284 790 1309; x_wconf 91' lang='lat' dir='ltr'>re</span> <span class='ocrx_word' id='word_1_172' title='bbox 813 1273 910 1310; x_wconf 90' lang='lat' dir='ltr'>bene</span> <span class='ocrx_word' id='word_1_173' title='bbox 934 1270 1040 1322; x_wconf 65' lang='lat' dir='ltr'>gesta</span> <span class='ocrx_word' id='word_1_174' title='bbox 1056 1269 1347 1320; x_wconf 83' lang='lat' dir='ltr'>triumpharent.</span> 
     </span>
     <span class='ocr_line' id='line_1_23' title="bbox 235 1322 1348 1376; baseline 0.001 -16"><span class='ocrx_word' id='word_1_175' title='bbox 235 1322 380 1373; x_wconf 82' lang='lat' dir='ltr'>Rogas,</span> <span class='ocrx_word' id='word_1_176' title='bbox 411 1337 498 1375; x_wconf 87' lang='lat' dir='ltr'>quae</span> <span class='ocrx_word' id='word_1_177' title='bbox 520 1332 641 1363; x_wconf 86' lang='lat' dir='ltr'>castra</span> <span class='ocrx_word' id='word_1_178' title='bbox 663 1325 823 1371; x_wconf 79' lang='lat' dir='ltr'>viderit3</span> <span class='ocrx_word' id='word_1_179' title='bbox 863 1325 929 1376; x_wconf 89' lang='lat' dir='ltr'>qui</span> <span class='ocrx_word' id='word_1_180' title='bbox 949 1331 996 1372; x_wconf 19' lang='lat' dir='ltr'>*et</span> <span class='ocrx_word' id='word_1_181' title='bbox 1017 1323 1127 1361; x_wconf 90' lang='lat' dir='ltr'>miles</span> <span class='ocrx_word' id='word_1_182' title='bbox 1151 1323 1192 1361; x_wconf 90' lang='lat' dir='ltr'>in</span> <span class='ocrx_word' id='word_1_183' title='bbox 1218 1322 1348 1370; x_wconf 63' lang='lat' dir='ltr'>creta,</span> 
     </span>
     <span class='ocr_line' id='line_1_24' title="bbox 237 1375 1349 1429; baseline 0.003 -16"><span class='ocrx_word' id='word_1_184' title='bbox 237 1375 399 1414; x_wconf 82' lang='lat' dir='ltr'>Metello</span> <span class='ocrx_word' id='word_1_185' title='bbox 426 1377 498 1415; x_wconf 91' lang='lat' dir='ltr'>hoc</span> <span class='ocrx_word' id='word_1_186' title='bbox 524 1378 763 1429; x_wconf 80' lang='lat' dir='ltr'>imperatore,</span> <span class='ocrx_word' id='word_1_187' title='bbox 784 1385 822 1416; x_wconf 86' lang='lat' dir='ltr'>et</span> <span class='ocrx_word' id='word_1_188' title='bbox 849 1378 1025 1416; x_wconf 87' lang='lat' dir='ltr'>tribunus</span> <span class='ocrx_word' id='word_1_189' title='bbox 1051 1377 1092 1414; x_wconf 90' lang='lat' dir='ltr'>in</span> <span class='ocrx_word' id='word_1_190' title='bbox 1119 1376 1349 1416; x_wconf 70' lang='lat' dir='ltr'>Macedonia</span> 
     </span>
     <span class='ocr_line' id='line_1_25' title="bbox 235 1429 1349 1483; baseline 0.001 -16"><span class='ocrx_word' id='word_1_191' title='bbox 235 1430 405 1468; x_wconf 73' lang='lat' dir='ltr'>militum</span> <span class='ocrx_word' id='word_1_192' title='bbox 423 1431 552 1480; x_wconf 88' lang='lat' dir='ltr'>fuerit,</span> <span class='ocrx_word' id='word_1_193' title='bbox 572 1439 609 1469; x_wconf 85' lang='lat' dir='ltr'>et</span> <span class='ocrx_word' id='word_1_194' title='bbox 628 1439 791 1483; x_wconf 86' lang='lat' dir='ltr'>quaestor</span> <span class='ocrx_word' id='word_1_195' title='bbox 813 1438 965 1469; x_wconf 85' lang='lat' dir='ltr'>tantum</span> <span class='ocrx_word' id='word_1_196' title='bbox 984 1444 1032 1469; x_wconf 86' lang='lat' dir='ltr'>ex</span> <span class='ocrx_word' id='word_1_197' title='bbox 1050 1444 1090 1468; x_wconf 83' lang='lat' dir='ltr'>re</span> <span class='ocrx_word' id='word_1_198' title='bbox 1108 1429 1265 1468; x_wconf 88' lang='lat' dir='ltr'>militari</span> <span class='ocrx_word' id='word_1_199' title='bbox 1282 1430 1349 1468; x_wconf 90' lang='lat' dir='ltr'>de-</span> 
     </span>
     <span class='ocr_line' id='line_1_26' title="bbox 234 1483 1349 1536; baseline 0.002 -15"><span class='ocrx_word' id='word_1_200' title='bbox 234 1484 390 1521; x_wconf 83' lang='lat' dir='ltr'>traxerit</span> <span class='ocrx_word' id='word_1_201' title='bbox 401 1484 593 1536; x_wconf 90' lang='lat' dir='ltr'>temporis,</span> <span class='ocrx_word' id='word_1_202' title='bbox 603 1492 791 1536; x_wconf 88' lang='lat' dir='ltr'>quantum</span> <span class='ocrx_word' id='word_1_203' title='bbox 802 1485 843 1524; x_wconf 90' lang='lat' dir='ltr'>in</span> <span class='ocrx_word' id='word_1_204' title='bbox 854 1497 916 1523; x_wconf 92' lang='lat' dir='ltr'>me</span> <span class='ocrx_word' id='word_1_205' title='bbox 928 1483 1216 1523; x_wconf 85' lang='lat' dir='ltr'>custodiendum</span> <span class='ocrx_word' id='word_1_206' title='bbox 1227 1491 1349 1523; x_wconf 87' lang='lat' dir='ltr'>trans-</span> 
     </span>
     <span class='ocr_line' id='line_1_27' title="bbox 236 1537 541 1576; baseline 0.003 -1"><span class='ocrx_word' id='word_1_207' title='bbox 236 1537 333 1575; x_wconf 86' lang='lat' dir='ltr'>ferre</span> <span class='ocrx_word' id='word_1_208' title='bbox 351 1538 541 1576; x_wconf 85' lang='lat' dir='ltr'>maluerit.</span> 
     </span>
    </p>

    <p class='ocr_par' dir='ltr' id='par_1_4' title="bbox 228 1591 1350 2233">
     <span class='ocr_line' id='line_1_28' title="bbox 288 1591 1348 1643; baseline 0.001 -15"><span class='ocrx_word' id='word_1_209' title='bbox 288 1591 452 1638; x_wconf 85' lang='lat' dir='ltr'>Quaeris,</span> <span class='ocrx_word' id='word_1_210' title='bbox 467 1604 563 1630; x_wconf 91' lang='lat' dir='ltr'>num</span> <span class='ocrx_word' id='word_1_211' title='bbox 581 1592 742 1630; x_wconf 86' lang='lat' dir='ltr'>disertus</span> <span class='ocrx_word' id='word_1_212' title='bbox 756 1595 774 1631; x_wconf 75' lang='grc' dir='ltr'><strong><em>Ρ</em></strong></span> <span class='ocrx_word' id='word_1_213' title='bbox 803 1593 946 1640; x_wconf 90' lang='lat' dir='ltr'>Immo,</span> <span class='ocrx_word' id='word_1_214' title='bbox 959 1592 1000 1630; x_wconf 92' lang='lat' dir='ltr'>id</span> <span class='ocrx_word' id='word_1_215' title='bbox 1017 1591 1121 1643; x_wconf 91' lang='lat' dir='ltr'>quod</span> <span class='ocrx_word' id='word_1_216' title='bbox 1139 1591 1348 1630; x_wconf 84' lang='lat' dir='ltr'>secundum</span> 
     </span>
     <span class='ocr_line' id='line_1_29' title="bbox 235 1645 1348 1697; baseline 0.001 -15"><span class='ocrx_word' id='word_1_217' title='bbox 235 1651 303 1691; x_wconf 88' lang='lat' dir='ltr'>est,</span> <span class='ocrx_word' id='word_1_218' title='bbox 335 1657 384 1682; x_wconf 91' lang='lat' dir='ltr'>ne</span> <span class='ocrx_word' id='word_1_219' title='bbox 411 1645 482 1683; x_wconf 89' lang='lat' dir='ltr'>sibi</span> <span class='ocrx_word' id='word_1_220' title='bbox 509 1645 666 1697; x_wconf 90' lang='lat' dir='ltr'>quidem</span> <span class='ocrx_word' id='word_1_221' title='bbox 690 1646 849 1684; x_wconf 86' lang='lat' dir='ltr'>videtur.</span> <span class='ocrx_word' id='word_1_222' title='bbox 892 1647 1004 1684; x_wconf 90' lang='lat' dir='ltr'>Num</span> <span class='ocrx_word' id='word_1_223' title='bbox 1025 1645 1315 1695; x_wconf 86' lang='lat' dir='ltr'>jurisconsultus</span> <span class='ocrx_word' id='word_1_224' title='bbox 1329 1647 1348 1684; x_wconf 85' lang='lat'>?</span> 
     </span>
     <span class='ocr_line' id='line_1_30' title="bbox 233 1698 1349 1751; baseline 0.001 -16"><span class='ocrx_word' id='word_1_225' title='bbox 233 1698 358 1745; x_wconf 84' lang='lat' dir='ltr'>Quasi</span> <span class='ocrx_word' id='word_1_226' title='bbox 382 1699 586 1750; x_wconf 88' lang='lat' dir='ltr'>quisquam</span> <span class='ocrx_word' id='word_1_227' title='bbox 613 1700 674 1746; x_wconf 88' lang='lat' dir='ltr'>sit,</span> <span class='ocrx_word' id='word_1_228' title='bbox 706 1699 773 1751; x_wconf 91' lang='lat' dir='ltr'>qui</span> <span class='ocrx_word' id='word_1_229' title='bbox 803 1699 875 1738; x_wconf 93' lang='lat' dir='ltr'>sibi</span> <span class='ocrx_word' id='word_1_230' title='bbox 898 1700 1001 1738; x_wconf 91' lang='lat' dir='ltr'>hunc</span> <span class='ocrx_word' id='word_1_231' title='bbox 1027 1699 1168 1737; x_wconf 88' lang='lat' dir='ltr'>falsum</span> <span class='ocrx_word' id='word_1_232' title='bbox 1193 1698 1240 1737; x_wconf 91' lang='lat' dir='ltr'>de</span> <span class='ocrx_word' id='word_1_233' title='bbox 1262 1700 1349 1748; x_wconf 89' lang='lat' dir='ltr'>jure</span> 
     </span>
     <span class='ocr_line' id='line_1_31' title="bbox 232 1752 1350 1803; baseline 0 -13"><span class='ocrx_word' id='word_1_234' title='bbox 232 1752 468 1803; x_wconf 86' lang='lat' dir='ltr'>respondisse</span> <span class='ocrx_word' id='word_1_235' title='bbox 495 1753 605 1791; x_wconf 87' lang='lat' dir='ltr'>dicat.</span> <span class='ocrx_word' id='word_1_236' title='bbox 644 1753 792 1792; x_wconf 90' lang='lat' dir='ltr'>Omnes</span> <span class='ocrx_word' id='word_1_237' title='bbox 820 1754 921 1792; x_wconf 87' lang='lat' dir='ltr'>enim</span> <span class='ocrx_word' id='word_1_238' title='bbox 948 1752 1162 1791; x_wconf 85' lang='lat' dir='ltr'>istiusmodi</span> <span class='ocrx_word' id='word_1_239' title='bbox 1188 1759 1285 1791; x_wconf 88' lang='lat' dir='ltr'>artes</span> <span class='ocrx_word' id='word_1_240' title='bbox 1308 1752 1350 1790; x_wconf 85' lang='lat' dir='ltr'>in</span> 
     </span>
     <span class='ocr_line' id='line_1_32' title="bbox 232 1805 1350 1859; baseline 0.001 -16"><span class='ocrx_word' id='word_1_241' title='bbox 232 1805 279 1844; x_wconf 86' lang='lat' dir='ltr'>iis</span> <span class='ocrx_word' id='word_1_242' title='bbox 297 1806 637 1857; x_wconf 81' lang='lat' dir='ltr'>reprehenduntur,</span> <span class='ocrx_word' id='word_1_243' title='bbox 665 1807 746 1859; x_wconf 91' lang='lat' dir='ltr'>qui,</span> <span class='ocrx_word' id='word_1_244' title='bbox 774 1820 863 1846; x_wconf 88' lang='lat' dir='ltr'>cum</span> <span class='ocrx_word' id='word_1_245' title='bbox 881 1807 1038 1859; x_wconf 88' lang='lat' dir='ltr'>professi</span> <span class='ocrx_word' id='word_1_246' title='bbox 1061 1806 1216 1854; x_wconf 84' lang='lat' dir='ltr'>fuerint,</span> <span class='ocrx_word' id='word_1_247' title='bbox 1243 1806 1350 1844; x_wconf 87' lang='lat' dir='ltr'>satis-</span> 
     </span>
     <span class='ocr_line' id='line_1_33' title="bbox 232 1859 1350 1912; baseline 0.001 -15"><span class='ocrx_word' id='word_1_248' title='bbox 232 1859 355 1898; x_wconf 81' lang='lat' dir='ltr'>facere</span> <span class='ocrx_word' id='word_1_249' title='bbox 373 1872 450 1897; x_wconf 87' lang='lat' dir='ltr'>non</span> <span class='ocrx_word' id='word_1_250' title='bbox 469 1867 651 1911; x_wconf 83' lang='lat' dir='ltr'>possunt3</span> <span class='ocrx_word' id='word_1_251' title='bbox 681 1873 759 1899; x_wconf 91' lang='lat' dir='ltr'>non</span> <span class='ocrx_word' id='word_1_252' title='bbox 777 1861 818 1898; x_wconf 92' lang='lat' dir='ltr'>in</span> <span class='ocrx_word' id='word_1_253' title='bbox 839 1861 898 1907; x_wconf 90' lang='lat' dir='ltr'>iis,</span> <span class='ocrx_word' id='word_1_254' title='bbox 927 1860 995 1912; x_wconf 91' lang='lat' dir='ltr'>qui</span> <span class='ocrx_word' id='word_1_255' title='bbox 1019 1860 1185 1899; x_wconf 85' lang='lat' dir='ltr'>abfuisse</span> <span class='ocrx_word' id='word_1_256' title='bbox 1202 1862 1250 1899; x_wconf 91' lang='lat' dir='ltr'>ab</span> <span class='ocrx_word' id='word_1_257' title='bbox 1268 1860 1350 1898; x_wconf 86' lang='lat' dir='ltr'>istis</span> 
     </span>
     <span class='ocr_line' id='line_1_34' title="bbox 232 1913 1349 1966; baseline 0.001 -15"><span class='ocrx_word' id='word_1_258' title='bbox 232 1913 369 1951; x_wconf 77' lang='lat' dir='ltr'>studiis</span> <span class='ocrx_word' id='word_1_259' title='bbox 386 1914 623 1952; x_wconf 82' lang='lat' dir='ltr'>confitentur.</span> <span class='ocrx_word' id='word_1_260' title='bbox 648 1914 798 1962; x_wconf 81' lang='lat' dir='ltr'>Virtus,</span> <span class='ocrx_word' id='word_1_261' title='bbox 810 1914 991 1966; x_wconf 86' lang='lat' dir='ltr'>probitas,</span> <span class='ocrx_word' id='word_1_262' title='bbox 1004 1914 1197 1965; x_wconf 78' lang='lat' dir='ltr'>integritas</span> <span class='ocrx_word' id='word_1_263' title='bbox 1209 1913 1248 1952; x_wconf 90' lang='lat' dir='ltr'>in</span> <span class='ocrx_word' id='word_1_264' title='bbox 1260 1926 1349 1952; x_wconf 85' lang='lat' dir='ltr'>can-</span> 
     </span>
     <span class='ocr_line' id='line_1_35' title="bbox 232 1966 1346 2018; baseline 0.001 -14"><span class='ocrx_word' id='word_1_265' title='bbox 232 1966 378 2014; x_wconf 84' lang='lat' dir='ltr'>didato,</span> <span class='ocrx_word' id='word_1_266' title='bbox 398 1979 476 2005; x_wconf 90' lang='lat' dir='ltr'>non</span> <span class='ocrx_word' id='word_1_267' title='bbox 493 1968 637 2018; x_wconf 80' lang='lat' dir='ltr'>linguae</span> <span class='ocrx_word' id='word_1_268' title='bbox 655 1969 886 2016; x_wconf 83' lang='lat' dir='ltr'>volubilitas,</span> <span class='ocrx_word' id='word_1_269' title='bbox 906 1981 983 2007; x_wconf 91' lang='lat' dir='ltr'>non</span> <span class='ocrx_word' id='word_1_270' title='bbox 1001 1981 1074 2017; x_wconf 84' lang='lat' dir='ltr'>ars,</span> <span class='ocrx_word' id='word_1_271' title='bbox 1087 1979 1164 2006; x_wconf 90' lang='lat' dir='ltr'>non</span> <span class='ocrx_word' id='word_1_272' title='bbox 1179 1966 1346 2015; x_wconf 81' lang='lat' dir='ltr'>scientia,</span> 
     </span>
     <span class='ocr_line' id='line_1_36' title="bbox 231 2020 1350 2074; baseline 0.001 -16"><span class='ocrx_word' id='word_1_273' title='bbox 231 2021 376 2073; x_wconf 81' lang='lat' dir='ltr'>requiri</span> <span class='ocrx_word' id='word_1_274' title='bbox 395 2021 499 2060; x_wconf 80' lang='lat' dir='ltr'>solet.</span> <span class='ocrx_word' id='word_1_275' title='bbox 529 2022 586 2059; x_wconf 86' lang='lat' dir='ltr'>Ut</span> <span class='ocrx_word' id='word_1_276' title='bbox 599 2034 682 2070; x_wconf 91' lang='lat' dir='ltr'>nos,</span> <span class='ocrx_word' id='word_1_277' title='bbox 695 2022 735 2059; x_wconf 89' lang='lat' dir='ltr'>in</span> <span class='ocrx_word' id='word_1_278' title='bbox 746 2022 946 2074; x_wconf 86' lang='lat' dir='ltr'>mancipiis</span> <span class='ocrx_word' id='word_1_279' title='bbox 963 2021 1154 2073; x_wconf 87' lang='lat' dir='ltr'>parandis,</span> <span class='ocrx_word' id='word_1_280' title='bbox 1175 2020 1350 2073; x_wconf 88' lang='lat' dir='ltr'>quamvis</span> 
     </span>
     <span class='ocr_line' id='line_1_37' title="bbox 230 2073 1347 2128; baseline 0 -16"><span class='ocrx_word' id='word_1_281' title='bbox 230 2073 338 2125; x_wconf 82' lang='lat' dir='ltr'>frugi</span> <span class='ocrx_word' id='word_1_282' title='bbox 354 2075 550 2113; x_wconf 90' lang='lat' dir='ltr'>hominem</span> <span class='ocrx_word' id='word_1_283' title='bbox 569 2075 600 2113; x_wconf 88' lang='lat' dir='ltr'>si</span> <span class='ocrx_word' id='word_1_284' title='bbox 623 2088 691 2127; x_wconf 92' lang='lat' dir='ltr'>pro</span> <span class='ocrx_word' id='word_1_285' title='bbox 713 2075 822 2114; x_wconf 86' lang='lat' dir='ltr'>fabro</span> <span class='ocrx_word' id='word_1_286' title='bbox 844 2083 911 2114; x_wconf 88' lang='lat' dir='ltr'>aut</span> <span class='ocrx_word' id='word_1_287' title='bbox 928 2088 998 2128; x_wconf 88' lang='lat' dir='ltr'>pro</span> <span class='ocrx_word' id='word_1_288' title='bbox 1013 2082 1151 2114; x_wconf 87' lang='lat' dir='ltr'>tectore</span> <span class='ocrx_word' id='word_1_289' title='bbox 1169 2075 1347 2122; x_wconf 83' lang='lat' dir='ltr'>emimus,</span> 
     </span>
     <span class='ocr_line' id='line_1_38' title="bbox 230 2127 1349 2181; baseline 0.001 -16"><span class='ocrx_word' id='word_1_290' title='bbox 230 2127 332 2179; x_wconf 61' lang='lat' dir='ltr'>ferre&gt;</span> <span class='ocrx_word' id='word_1_291' title='bbox 356 2129 512 2168; x_wconf 51' lang='lat' dir='ltr'>moleste</span> <span class='ocrx_word' id='word_1_292' title='bbox 536 2130 716 2179; x_wconf 81' lang='lat' dir='ltr'>solemus,</span> <span class='ocrx_word' id='word_1_293' title='bbox 737 2130 770 2168; x_wconf 88' lang='lat' dir='ltr'>si</span> <span class='ocrx_word' id='word_1_294' title='bbox 791 2142 853 2168; x_wconf 85' lang='lat' dir='ltr'>eas</span> <span class='ocrx_word' id='word_1_295' title='bbox 880 2137 992 2178; x_wconf 60' lang='lat' dir='ltr'>artes,</span> <span class='ocrx_word' id='word_1_296' title='bbox 1011 2142 1106 2181; x_wconf 82' lang='lat' dir='ltr'>quas</span> <span class='ocrx_word' id='word_1_297' title='bbox 1128 2129 1171 2167; x_wconf 88' lang='lat' dir='ltr'>in</span> <span class='ocrx_word' id='word_1_298' title='bbox 1188 2127 1349 2167; x_wconf 83' lang='lat' dir='ltr'>emendo</span> 
     </span>
     <span class='ocr_line' id='line_1_39' title="bbox 228 2182 1345 2233; baseline -0.001 -12"><span class='ocrx_word' id='word_1_299' title='bbox 228 2182 349 2221; x_wconf 78' lang='lat' dir='ltr'>secuti</span> <span class='ocrx_word' id='word_1_300' title='bbox 378 2196 525 2233; x_wconf 86' lang='lat' dir='ltr'>sumus,</span> <span class='ocrx_word' id='word_1_301' title='bbox 551 2183 647 2223; x_wconf 85' lang='lat' dir='ltr'>forte</span> <span class='ocrx_word' id='word_1_302' title='bbox 671 2183 894 2232; x_wconf 77' lang='lat' dir='ltr'>nesciverit3</span> <span class='ocrx_word' id='word_1_303' title='bbox 928 2183 987 2224; x_wconf 86' lang='lat' dir='ltr'>sin</span> <span class='ocrx_word' id='word_1_304' title='bbox 1011 2189 1140 2224; x_wconf 80' lang='lat' dir='ltr'>autem</span> <span class='ocrx_word' id='word_1_305' title='bbox 1167 2182 1345 2229; x_wconf 82' lang='lat' dir='ltr'>emimus,</span> 
     </span>
    </p>
   </div>
  </div>
 </body>
</html>
