1455 2343
218 65 295 101 320
479 63 591 100 PRO
621 61 844 101 SEX'HO.
876 62 980 102 CAv.
1002 64 1066 100 (36.

224 171 305 208 haec
324 171 468 221 optima
485 170 563 215 lex,
578 177 615 207 et
633 171 680 207 ab
695 169 762 207 illo
781 182 906 207 socero
926 171 1022 218 ejus,
1043 177 1080 206 et
1094 170 1228 208 abhoc
1245 182 1343 209 asse-

229 225 303 271 cla,
324 224 539 274 negligatur
552 225 570 260 Ρ

284 277 415 315 LXV.
455 276 510 313 Et
542 276 726 314 cohortari
756 289 872 314 ausus
896 284 952 314 est
980 282 1173 314 accusator
1204 276 1245 314 in
1274 275 1346 314 hae

233 331 347 369 causa
378 342 458 375 vos,
486 330 645 378 judices,
675 337 719 367 ut
747 330 953 381 aliquando
977 329 1103 368 essetis
1126 330 1257 377 severi,
1278 328 1348 367 ali-

232 383 386 436 quando
410 383 639 422 medicinam
664 384 891 422 adhiberetis
916 384 1144 435 reipublicae.
1175 384 1267 422 Non
1293 389 1350 421 ωε

233 451 277 476 ea
294 436 495 484 medicina,
516 451 604 475 cum
623 450 724 475 sanae
741 438 840 489 parti
859 438 1022 489 corporis
1040 437 1264 488 scalpellum
1282 436 1350 475 ad-

234 491 387 529 hibetur
401 497 515 542 atque
532 491 688 542 integrae
705 506 715 528 :
737 491 953 530 carnificina
971 499 1028 530 est
1044 491 1117 529 ista
1134 499 1172 529 et
1189 490 1352 529 crudeli-

238 552 307 582 tas.
345 544 402 582 Hi
428 545 630 583 medentur
657 545 888 596 reipublicae,
913 545 981 596 qui
1007 552 1183 583 exsecant
1208 551 1353 596 pestem

237 599 423 650 aliquam,
444 605 644 650 tamquam
663 606 850 636 strumam
869 599 1043 637 civitatis.

297 652 386 699 Sed,
410 659 454 689 ut
479 661 695 690 extremum
719 653 859 691 habeat
883 652 1029 704 aliquid
1053 651 1171 690 oratio
1195 663 1296 697 mea,
1320 658 1358 690 et

241 713 286 744 ut
304 719 373 756 ego
393 713 480 743 ante
498 706 648 745 dicendi
665 706 782 745 finem
801 706 953 753 faciam,
973 719 1092 758 quam
1111 719 1177 744 vos
1194 718 1258 743 me
1275 712 1357 743 tam

243 767 386 798 attente
414 759 620 806 audiendi3
652 760 877 799 concludam
900 760 999 798 illud
1024 759 1072 798 de
1093 759 1357 811 optimatibuS‚

245 826 454 864 eorumque
481 813 731 866 principibus,
765 828 809 853 ac
832 814 1050 866 reipublicae
1074 812 1357 852 defensoribus:

245 880 400 918 vosque,
417 867 681 915 adolescentes,
694 876 730 907 et
745 869 813 920 qui
826 869 972 907 nobiles
986 868 1088 915 estis,
1103 867 1153 905 ad
1170 867 1362 916 majorum

247 923 414 959 vestrum
428 921 680 960 imitationem
695 923 866 961 excitabo
880 936 892 968 ς
922 929 974 971 et,
990 921 1058 973 qui
1070 920 1224 972 ingenio
1238 927 1276 959 et
1286 919 1363 959 vir-

247 981 329 1012 tute
347 975 585 1014 nobilitatem
603 976 758 1027 potestis
776 976 968 1028 consequi,
988 975 1037 1013 ad
1059 988 1144 1013 eam
1162 974 1364 1023 rationem,

246 1028 288 1066 in
307 1028 385 1080 qua
402 1030 518 1067 multi
535 1030 707 1068 homines
721 1030 810 1068 novi
825 1038 861 1068 et
872 1031 1015 1068 honore
1034 1037 1071 1068 et
1088 1029 1210 1080 gloria
1228 1027 1365 1066 florue-

249 1090 353 1129 runt,
375 1083 608 1122 cohortabor.
638 1084 736 1122 Haec
754 1090 810 1122 est
831 1097 909 1122 una
931 1083 993 1123 via
1017 1083 1130 1127 (mihi
1155 1081 1308 1128 credjoe)
1328 1089 1366 1120 et

250 1136 388 1182 laudis,
410 1143 447 1174 et
465 1137 673 1188 dignitatis,
694 1146 731 1176 et
743 1138 920 1176 honoris:
943 1150 966 1175 a
978 1137 1088 1175 bonis
1100 1136 1203 1184 viris,
1219 1135 1368 1187 sapien-

253 1189 370 1239 tibus,
396 1198 432 1228 et
455 1192 552 1230 bene
574 1191 712 1230 natura
733 1191 959 1239 constitutis,
982 1190 1146 1239 laudari,
1169 1197 1207 1228 et
1230 1188 1365 1241 diligi:

253 1246 364 1282 nfisse
382 1244 671 1295 descriptionem
693 1246 867 1293 civitatis,
888 1259 911 1283 a
928 1245 1137 1294 majoribus
1155 1243 1291 1282 nostris
1308 1256 1369 1281 sa-

253 1297 486 1347 pientissime
498 1300 742 1337 constitutam
757 1314 766 1337 :
792 1299 873 1350 qui,
889 1311 978 1337 cum
996 1310 1131 1348 regum
1145 1302 1369 1348 potestatem

255 1363 333 1388 non
352 1351 540 1399 tulissent,
566 1353 620 1390 ita
637 1353 880 1403 magistratus
898 1364 1044 1390 annuos
1062 1357 1295 1399 creaverunt,
1324 1358 1370 1388 ut
1425 1360 1430 1367 ·

259 1404 459 1442 consilium
487 1409 636 1443 senatus
662 1406 880 1456 reipublicae
898 1413 1160 1457 praeponerent
1178 1404 1376 1455 sempiter-

256 1470 352 1495 num
366 1472 378 1503 3
399 1458 652 1508 deligerentur
665 1467 794 1497 autem
807 1459 848 1497 in
862 1460 902 1497 id
921 1459 1120 1498 consilium
1135 1460 1182 1497 ab
1195 1458 1371 1496 universo

254 1512 411 1562 popu10,
432 1512 633 1563 aditusque
650 1513 690 1550 in
708 1513 821 1551 illum
839 1526 1036 1551 summum
1048 1512 1220 1550 ordinem
1231 1511 1373 1550 civium

255 1565 451 1603 industriae
469 1579 512 1603 ac
525 1566 657 1604 virtuti
674 1574 828 1617 pateret.
857 1568 1042 1606 Senatum
1059 1566 1278 1617 reipublicae
1289 1578 1374 1604 eus-

260 1618 402 1665 todem,
412 1620 970 1672 praesidern,propugnatorem,
984 1620 1261 1658 collocaverunt
1273 1633 1284 1657 ι
1298 1620 1372 1658 hu-

258 1674 322 1721 jus
345 1673 486 1711 ordinis
510 1674 732 1712 auctoritate
755 1674 813 1712 uti
834 1675 1091 1726 magistratuS,
1113 1680 1151 1712 et
1175 1673 1284 1725 quasi
1300 1673 1374 1711 mi-

261 1726 397 1764 nistros
415 1727 628 1777 gravissimi
656 1727 802 1766 consilii
823 1741 915 1776 esse,
942 1728 1168 1767 voluerunt:
1199 1734 1374 1765 senatum

258 1786 387 1818 autem
408 1780 535 1831 ipsum
554 1781 817 1832 proximorum
836 1782 1014 1820 ordinum
1029 1780 1227 1832 splendore
1240 1780 1376 1819 confir-

261 1834 372 1882 mari,
392 1835 512 1885 plebis
536 1836 751 1874 libertatem
775 1843 812 1875 et
837 1836 1038 1874 commoda
1057 1834 1156 1873 tueri
1173 1845 1289 1886 atque
1306 1847 1376 1873 au-

261 1900 362 1938 gere,
384 1888 595 1927 voluerunt.

317 1942 473 1981 LXVI.
503 1943 601 1982 Haec
619 1943 687 1995 qui
705 1956 774 1995 pro
793 1943 892 1982 virili
909 1951 1017 1995 parte
1033 1942 1258 1990 defendunt,
1278 1942 1377 1994 opti-

263 2008 300 2032 m
305 2003 382 2034 ates
394 2003 496 2045 sunt,
510 1998 786 2049 cujuscumque
797 1998 873 2035 sint
883 1997 1044 2036 ordinis:
1061 1995 1129 2048 qui
1140 2003 1269 2034 autem
1279 2010 1377 2047 prae-

260 2049 370 2100 cipue
388 2051 464 2088 suis
483 2051 688 2089 cervicibus
707 2059 813 2089 tanta
823 2051 958 2089 munia
970 2058 1085 2102 atque
1103 2050 1379 2101 rempublicam

264 2103 462 2153 sustinent,
477 2105 503 2142 ii
521 2117 669 2156 semper
682 2105 804 2144 habiti
819 2111 908 2143 sunt
921 2104 1164 2156 optimatium
1177 2103 1377 2155 principes,
