1435 2328
170 88 221 124 60
428 85 553 123 >PRO
583 83 780 124 sULLA.
811 85 915 122 OM».
949 83 1010 121 16.

171 200 361 232 senatuset
381 205 508 232 recens
526 192 709 230 memoria
727 191 857 237 testist,
889 191 974 237 tibi,
994 203 1081 229 meo
1097 189 1276 228 familiari

170 255 208 286 et
226 247 499 294 contubernali,
517 247 623 297 prius
641 246 755 283 etiam
775 246 912 283 edituri
929 244 1072 282 fuerint
1095 243 1279 282 indicium

170 301 300 339 scribae
311 301 402 348 mei,
420 301 450 338 si
462 300 654 347 voluisses,
669 312 786 350 quam
801 299 841 336 in
856 298 1021 336 codicem
1037 297 1251 336 retulissent
1264 311 1276 342 ς

171 368 260 393 cum
291 355 434 393 videres
467 354 574 392 aliter
604 353 699 399 fieri,
732 366 798 391 cur
832 351 1014 390 tacuisti?
1044 364 1176 403 passus
1207 353 1278 390 es?

170 421 247 446 non
263 421 428 469 mecum,
445 416 511 446 aut
530 420 617 445 cum
632 406 811 444 familiari
825 419 924 467 ineo,
942 413 1097 457 questus
1110 417 1147 442 es
1162 407 1179 443 ?
1200 412 1281 453 aut,

171 462 354 513 quoniam
376 469 456 499 tam
486 461 595 499 facile
617 460 836 498 inveheris
826 473 866 497 111
886 459 1040 506 amicos,
1066 458 1284 496 iracundius

171 529 215 554 ac
234 516 493 554 vehementius
505 514 785 566 expostulasti?
815 513 896 560 Tu,
913 526 1001 551 cum
1016 520 1082 550 tua
1096 525 1171 550 vox
1182 524 1283 550 nun-

172 583 290 621 quam
321 570 368 607 sit
398 569 552 613 audita3
583 581 685 613 cum,
713 567 852 605 indicio
868 568 979 613 lecto,
1004 566 1205 617 descripto,
1226 565 1285 603 di-

173 624 343 674 vulgato,
377 623 577 674 quieveris.
612 621 798 659 tacueris·
787 650 799 666 ,
840 627 993 671 repente
1022 627 1169 658 tantam
1202 632 1285 657 rem

174 677 370 715 enuntiare
389 677 552 714 audeas.
543 678 560 703 9
592 683 628 713 et
652 676 692 712 in
723 688 812 712 eum
830 675 958 712 locum
988 681 1025 712 te
1043 674 1221 735 deducas,
1241 679 1286 710 ut

173 739 274 779 ante,
296 743 414 782 quam
433 743 496 768 me
507 728 731 768 commutati
745 728 875 766 indicii
894 727 1118 778 coargueris,
1132 733 1168 765 te
1181 740 1225 764 su
1229 740 1287 764 m-

172 797 246 822 mae
265 784 519 834 negligentiae,
537 791 602 821 tuo
614 781 771 832 judicio,
789 782 1003 819 convictum
1018 794 1096 819 esse
1114 781 1277 818 fateare.
1267 782 1285 807 9

226 838 344 876 XVI.
384 838 488 875 Mihi
525 838 754 887 cujusquam
793 836 894 873 salus
926 834 1023 872 tanti
1057 834 1204 879 fuisset,
1243 841 1286 871 ut

171 905 297 930 meam
317 891 569 942 negligerem.
559 891 576 913 9
605 902 672 941 per
686 902 749 926 me
764 902 832 939 ego
844 889 1040 927 veritatem
1058 888 1286 939 patefactam

170 945 468 983 contaminarem
501 945 631 995 aliquo
660 943 882 981 mendacio.
873 945 890 971 9
921 955 1156 1003 quemquam
1179 941 1286 979 deni-

172 1013 247 1050 que
266 1012 335 1050 ego
350 1001 540 1048 juvarem,
568 1012 590 1036 a
609 1009 686 1049 quo
705 1004 742 1035 et
760 997 930 1035 crudeles
947 996 1130 1034 insidias
1120 1008 1161 1033 1n
1186 1008 1286 1033 rem-

170 1054 366 1104 publicam
385 1053 514 1099 factas,
536 1061 573 1090 et
591 1052 630 1088 in
649 1061 717 1088 me
729 1050 971 1101 potissimum
990 1050 1183 1087 consulem
1197 1061 1286 1087 con-

171 1107 336 1153 stitutas,
352 1107 560 1157 putarem?
590 1104 708 1152 Quod
727 1105 757 1142 si
784 1106 866 1153 jam
886 1117 1005 1142 essem
1023 1104 1163 1141 oblitus
1182 1115 1285 1141 seve-

171 1161 291 1198 ritatis
322 1168 358 1198 et
387 1159 606 1197 constantiae
634 1171 744 1205 meae,
776 1165 905 1195 tamne
929 1170 1060 1195 amens
1087 1170 1205 1204 eram,
1226 1163 1284 1204 ut,

171 1227 261 1252 cum
278 1214 397 1251 literae
426 1212 651 1264 posteritatis
671 1211 784 1250 causa
803 1218 959 1263 repertae
982 1211 1070 1257 sint,
1091 1224 1178 1262 quae
1196 1211 1287 1248 sub-

172 1268 268 1306 sidio
297 1267 479 1305 oblivioni
508 1279 586 1304 esse
608 1272 773 1316 possent,
800 1278 869 1316 ego
898 1272 1085 1303 recentem
1111 1271 1286 1315 putarem

171 1321 398 1359 memoriam
427 1320 554 1358 cuncti
583 1321 732 1358 senatus
762 1318 1033 1357 commentario
1061 1330 1147 1356 meo
1180 1330 1289 1369 posse

173 1375 343 1426 superari
357 1377 374 1413 ,9

227 1429 325 1466 Fero
345 1442 414 1479 ego
432 1436 482 1489 te,
504 1428 726 1489 Torquate3
746 1427 979 1477 jamdudum
997 1426 1104 1464 fero·
1093 1456 1105 1471 ,
1136 1433 1173 1464 et
1191 1438 1288 1464 nona

173 1495 374 1534 nunquam
405 1482 593 1530 animum,
624 1482 825 1520 incitatum
855 1481 904 1519 ad
925 1480 1180 1518 ulciscendam
1204 1492 1288 1518 ora-

174 1537 317 1574 tionem
350 1544 472 1583 tuam,
497 1548 629 1574 revoco
652 1536 733 1587 ipse
759 1542 795 1573 et
813 1535 973 1573 reflecto.
1003 1533 1190 1572 Permitto
1219 1533 1290 1572 ali-

175 1590 270 1641 quid
288 1590 493 1628 iracundiae
511 1597 601 1636 tuae,
626 1589 675 1627 do
693 1589 966 1650 adolescentiae,
987 1588 1078 1626 cedo
1097 1587 1287 1635 amicitiae,

176 1644 302 1681 tribuo
321 1644 495 1694 parenti:
527 1643 604 1690 sed,
633 1643 705 1681 nisi
735 1643 806 1681 tibi
829 1643 998 1693 aliquem
1026 1641 1187 1678 modum
1207 1648 1290 1678 tute

176 1697 426 1745 constitueris,
452 1710 559 1748 coges
587 1697 751 1735 oblitum
776 1710 839 1734 me
857 1704 993 1733 nostrae
1011 1695 1201 1743 amicitiae,
1221 1694 1292 1732 ha-

177 1753 266 1789 bere
292 1751 476 1788 rationem
504 1764 601 1788 meae
629 1750 835 1801 dignitatis.
866 1750 994 1787 Nemo
1023 1761 1194 1800 unquam
1229 1760 1294 1787 me

178 1805 402 1842 tenuissima
421 1805 630 1856 suspicione
648 1803 889 1855 perstrinxit,
903 1815 1021 1853 quem
1039 1815 1116 1839 non
1130 1815 1293 1852 praever-

179 1859 304 1896 terim.
337 1859 412 1897 Sed
430 1859 527 1896 mihi
545 1859 617 1896 hoc
641 1858 768 1896 credas
787 1857 929 1895 velim:
960 1869 1037 1894 non
1055 1856 1101 1893 iis
1119 1855 1294 1894 libentis-

180 1912 275 1950 sime
308 1913 409 1950 soleo
440 1911 677 1963 respondere,
708 1924 803 1962 quos
830 1910 927 1948 mihi
957 1909 1084 1947 videor
1112 1909 1295 1948 facillime

179 1978 290 2017 posse
309 1979 496 2017 superare.
526 1965 607 2012 Tu,
639 1965 820 2016 quoniam
843 1964 1002 2001 minime
1029 1963 1180 2014 ignoras
1205 1976 1296 2002 con-

182 2019 424 2057 suetudinem
457 2019 607 2057 dicendi
635 2032 777 2065 meam,
808 2018 887 2055 noli
917 2018 989 2055 hac
1012 2030 1112 2055 nova
1139 2016 1299 2055 lenitate

183 2073 291 2111 abuti
316 2086 429 2111 mea·
460 2073 538 2111 noli
564 2073 712 2110 aculeos
738 2071 913 2110 orationis
937 2084 1047 2118 meae,
1075 2070 1142 2122 qui
1165 2083 1297 2109 recon-

182 2126 251 2163 diti
266 2134 368 2175 sunt,
389 2140 563 2165 excussos
582 2126 777 2164 arbitrari:
800 2126 877 2163 noli
896 2125 936 2163 id
947 2132 1080 2176 putare
1099 2124 1254 2162 omnino
1275 2138 1301 2162 a

182 2192 245 2218 mc
272 2194 349 2219 esse
378 2181 576 2228 amissum,
605 2180 635 2219 si
664 2179 757 2231 quid
785 2188 838 2219 est
865 2179 932 2218 tibi
957 2178 1157 2217 remissum
1185 2185 1300 2229 atque
