1455 2343
189 99 268 136 358
458 95 571 134 PRO
601 94 806 134 COELIO.
838 94 943 133 CAP.
968 95 1029 133 15.

187 203 295 252 Quid
317 203 433 254 igitur
456 203 544 251 fuit,
572 203 644 242 nisi
668 202 844 254 quaedam
869 201 1059 240 temeritas
1080 212 1124 239 ac
1141 197 1294 238 libido?

188 259 328 295 Nonne
337 258 421 305 te,si
433 265 569 296 nostrae
582 257 766 307 imagines
775 256 897 294 viriles
912 268 987 293 non
995 254 1299 299 commovebant,

185 324 233 350 ne
251 311 447 362 progenies
465 311 618 362 quidem
637 323 736 357 mea,
751 310 975 357 Quintailla
986 308 1161 352 Claudia,
1178 319 1297 344 aemu-

183 366 263 403 lam
282 364 495 403 domesticae
512 365 636 402 laudis
650 365 689 401 in
701 364 822 414 gloria
835 363 1014 401 muliebri
1025 374 1104 400 esse
1115 360 1297 398 admone-

185 419 278 457 bat?
307 430 384 457 non
412 419 517 469 virgo
543 419 610 456 illa
628 417 792 456 Vestalis
816 417 990 463 Claudia,
1021 429 1122 467 quae,
1148 421 1296 464 patrem

185 473 384 523 complexa
410 472 724 522 triumphantem,
747 472 795 508 ab
817 470 970 508 inimico
998 470 1151 507 tribuno
1175 465 1299 518 plebis

184 527 232 564 de
251 539 362 564 curru
383 525 529 563 detrahi
543 538 652 576 passa
669 536 745 562 non
765 531 819 561 est
833 527 850 562 ‚9
880 524 960 562 Cur
979 530 1015 560 te
1033 523 1197 560 fraterna
1207 519 1300 558 vitia

184 580 324 631 potius,
342 592 458 631 quam
478 581 577 616 bona
594 586 750 629 paterna
762 585 798 615 et
809 577 922 624 avita,
939 584 976 615 et
992 588 1114 627 usque
1132 587 1155 611 a
1172 573 1296 619 nobis,

186 646 274 671 cum
300 634 340 670 in
359 633 460 680 viris,
485 639 570 670 tum
593 632 707 669 etiam
729 631 770 668 in
792 630 956 677 feminis,
977 628 1147 681 repetita,
1167 639 1298 664 move-

184 694 275 726 runt
290 689 306 725 1>
338 687 479 724 Ideone
494 699 562 736 ego
570 698 702 737 pacem
710 684 849 735 Pyrrhi
857 684 1005 730 diremi,
1015 690 1058 721 ut
1069 690 1111 720 tu
1123 692 1298 719 amorum

184 741 490 791 turpissimorum
513 739 680 790 quotidie
701 738 840 776 foedera
862 738 1021 776 ferires?
1049 736 1134 774 ideo
1156 746 1300 786 aquam

186 795 344 842 adduxi,
365 801 410 831 ut
428 794 472 830 ea
492 801 533 830 tu
545 793 683 830 inceste
701 800 846 830 uterere
863 794 880 829 ?
909 792 994 829 ideo
1013 790 1114 829 viam
1133 787 1301 835 munivi,

186 855 231 886 ut
249 861 334 885 eam
353 857 395 884 tu
416 847 546 884 alienis
560 846 648 884 viris
667 846 845 884 comitata
862 844 1122 883 celebrares?'’
1298 861 1301 864 ·

240 901 334 939 XV.
365 901 440 939 Sed
459 900 551 951 quid
571 912 654 950 ego,
677 899 837 948 judices,
856 899 910 936 ita
927 911 1082 949 gravem
1100 908 1302 948 personam

185 955 335 1001 induxi,
351 961 395 991 ut
414 967 554 1001 verear,
574 966 622 991 ne
641 966 680 991 se
698 952 799 990 idem
807 952 962 1003 Appius
980 958 1132 1003 repente
1147 962 1301 988 conver-

186 1016 255 1057 tat,
269 1016 306 1047 et
320 1008 484 1047 Coeiium
498 1007 654 1057 incipiat
667 1019 839 1044 accusare
851 1007 919 1043 issa
937 1004 1005 1043 sua
1018 1005 1200 1057 gravitate
1214 1015 1300 1041 cen-

188 1062 320 1101 soria?
351 1061 425 1100 Sed
444 1061 570 1099 videro
594 1060 665 1098 hoc
690 1060 887 1111 posterius,
918 1067 1031 1110 atque
1049 1059 1116 1104 ita,
1139 1057 1301 1107 judices,

188 1123 232 1154 ut
263 1117 324 1155 vel
356 1114 596 1153 severissimis
624 1114 932 1164 disceptatoribus
960 1113 1021 1150 M.
1047 1112 1157 1151 Coelii
1184 1111 1303 1150 vitam

189 1183 251 1208 me
283 1171 533 1221 probaturum
563 1181 640 1206 esse
672 1168 871 1205 confidam.
919 1167 984 1204 Tu
1014 1179 1116 1214 vero,
1148 1165 1302 1212 mulier,

190 1225 289 1273 (jam
309 1224 411 1261 enim
428 1223 510 1273 ipse
529 1229 669 1268 tecum,
690 1221 797 1259 nun&
815 1219 972 1271 persona
989 1219 1218 1267 introducta,
1245 1219 1303 1257 lo-

190 1284 302 1329 quor)
323 1277 355 1315 si
370 1290 426 1323 ea,
443 1290 529 1327 quae
547 1276 651 1323 facis,
665 1288 751 1326 quae
765 1275 870 1318 dicis..
885 1288 970 1326 quae
988 1274 1199 1319 insimulas,
1215 1285 1304 1324 quae

191 1331 331 1381 arguis,
357 1331 516 1381 probare
535 1329 701 1379 cogitas3
731 1328 916 1366 rationem
934 1335 1049 1365 tantae
1067 1326 1306 1365 familiarita—

190 1384 253 1431 tis,
277 1391 391 1421 tantae
415 1382 709 1428 consuetudinis,
731 1388 845 1419 tantae
863 1381 1149 1430 conjunctionis,
1170 1379 1304 1418 reddas

191 1445 307 1488 atque
325 1449 505 1487 exponas,
525 1448 671 1474 necesse
697 1442 762 1473 est.
799 1435 1048 1472 Accusatores
1073 1434 1229 1486 quidem
1256 1433 1305 1470 li-

190 1491 352 1537 bidines,
385 1503 543 1535 amores,
579 1488 777 1535 adulteria,
807 1488 937 1535 Baias,
970 1494 1084 1535 actas,
1117 1486 1303 1533 convivia,

191 1543 482 1589 comissationes,
511 1550 656 1589 cantus,
684 1542 942 1592 symphonias,
969 1542 1120 1592 navigia
1134 1543 1304 1590 jactant:

190 1597 383 1649 iidemque
402 1596 627 1647 significant,
644 1595 740 1632 nihil
759 1608 811 1642 se,
832 1602 869 1633 te
888 1595 1021 1642 invita,
1042 1596 1175 1634 dicere.
1204 1594 1305 1642 Quae

192 1659 236 1689 tu
259 1651 454 1702 quoniam,
478 1657 604 1687 mente
626 1649 750 1686 nescio
776 1648 853 1700 quai
873 1649 1053 1687 effrenata
1078 1657 1192 1700 atque
1209 1661 1307 1699 prae-

194 1705 312 1756 cipiti,
332 1705 374 1742 in
391 1704 518 1741 forum
537 1703 671 1740 deferri
686 1702 952 1754 judiciumque
970 1703 1135 1750 voluisti,
1156 1709 1223 1740 aut
1246 1701 1306 1739 di·-

195 1759 279 1796 luas
297 1764 456 1809 oportet,
478 1764 514 1795 et
526 1756 621 1794 falsa
640 1769 716 1794 esse
735 1755 881 1802 doceas,
895 1762 962 1793 aut
984 1756 1082 1794 nihil
1099 1768 1223 1806 neque
1237 1755 1309 1793 cri-

195 1811 293 1850 mini
311 1819 391 1859 tuo,
411 1823 534 1861 neque
552 1809 780 1856 testimonio,
802 1809 1031 1847 credendum
1056 1823 1135 1848 esse
1152 1810 1304 1847 fateare.

253 1866 321 1904 Sin
335 1872 464 1902 autem
485 1863 665 1901 urbanius
679 1876 741 1900 me
759 1876 868 1913 agere
881 1863 1002 1901 mavis
1018 1877 1030 1909 ;
1051 1863 1104 1902 sic
1122 1875 1234 1913 agam
1253 1869 1309 1900 te-

197 1932 311 1964 cum3
341 1919 540 1956 removebo
558 1917 670 1953 fflum
689 1929 817 1953 senem
836 1916 977 1953 durum
996 1930 1039 1955 ac
1056 1929 1165 1968 paene
1182 1928 1308 1966 agres-

196 1980 276 2010 tem
293 1986 302 2009 :
334 1985 381 2009 ex
398 1971 533 2021 hisque
552 1970 626 2007 tuis
645 1982 795 2006 sumam
814 1970 996 2019 aliquem,
1013 1983 1056 2007 ac
1067 1969 1307 2020 potissimum

197 2026 404 2064 minimum
415 2024 584 2070 fratrem,
593 2023 660 2074 qui
672 2031 727 2060 est
735 2023 774 2059 in
786 2023 857 2060 isto
868 2036 1004 2073 genere
1015 2022 1309 2066 urbanissimus3

198 2079 268 2131 qui
297 2085 334 2116 te
360 2084 464 2116 amat
484 2077 724 2128 plurimum3
760 2076 841 2127 qui,
867 2083 1020 2127 propter
1040 2076 1165 2115 neseio
1191 2087 1309 2127 quam

201 2132 345 2179 (credo)
377 2131 634 2176 timiditatem,
665 2136 703 2167 et
733 2137 936 2167 nocturnos
964 2130 1150 2181 quosdam
1179 2129 1311 2167 inanes

203 2193 342 2232 metus,
362 2191 486 2223 tecum
506 2196 655 2234 semper
672 2183 782 2234 pusio
801 2194 888 2220 cum
906 2184 1050 2232 majore
1067 2196 1190 2222 sorore
1208 2181 1315 2221 cubi-
