1389 2339
286 82 362 122 DE
384 83 652 123 PROVINC.
673 84 909 123 CONSUL.
938 84 1043 123 CAP.
1063 87 1101 123 6.
1163 86 1243 123 383

135 189 287 228 tradidit
315 190 354 228 in
385 191 602 228 servitutem
631 191 779 228 Judaeis
809 199 846 228 et
877 191 996 241 Syris,
1026 191 1240 230 nationibus

133 243 229 281 natis
246 243 426 281 servituti.
457 243 598 282 Statuit
616 246 663 282 ab
678 244 798 290 initio,
815 251 851 282 et
869 244 908 282 in
923 257 966 282 eo
977 245 1238 296 perseveravit,

126 297 191 345 jus
208 296 410 347 publicano
428 309 505 334 non
522 298 643 335 dicere
658 312 668 335 ε
698 298 886 348 pactiones
905 299 984 336 sine
1001 298 1082 335 ulla
1100 298 1239 347 injuria

131 349 247 387 factas
265 349 441 395 rescidit3
472 351 656 388 custodias
675 351 850 396 sustulit3
880 352 1078 401 vectigales
1096 352 1239 390 multos

130 415 173 440 ac
193 402 453 453 stipendiarios
471 404 666 441 liberavit:
699 416 774 454 quo
792 404 831 441 in
862 404 1001 455 oppido
1023 405 1102 454 ipse
1127 412 1235 452 esset,

130 462 197 493 aut
221 468 298 506 quo
329 456 484 504 veniret,
505 457 558 493 ibi
585 457 831 507 publicanum
851 465 917 494 aut
945 457 1137 507 publicani
1161 471 1236 496 ser-

127 520 218 546 vum
245 521 323 546 esse
341 509 471 547 vetuit.
515 510 622 556 Quid
650 511 802 548 multa?
831 510 990 548 crudelis
1019 511 1233 559 haberetur,

126 561 156 599 si
176 562 214 598 in
240 561 387 599 hostem
413 563 540 600 animo
558 563 689 600 fuisset
712 575 768 609 eo,
789 576 865 614 quo
884 564 957 601 fuit
978 564 1018 601 in
1038 564 1134 601 cives
1153 564 1234 602 Ro-

125 626 270 661 manos,
287 617 369 664 ejus
386 616 526 653 ordinis
545 617 764 666 pracsertim,
786 616 852 667 qui
871 624 926 654 est
944 629 1091 667 semper
1109 616 1233 667 digni-

125 674 201 705 tate
215 668 296 715 sua,
313 669 543 718 benignitate
561 671 814 718 magistratus,
830 677 1070 707 sustentatus.

188 721 324 772 Itaque
356 721 501 767 videtis,
526 731 650 771 patres
675 722 887 773 conscripti,
915 735 991 760 non
1022 724 1231 763 temeritate

124 774 379 821 redemtionis,
393 782 459 812 aut
470 775 609 824 negotii
628 775 782 824 gerendi
800 775 960 823 inscitia,
976 776 1040 813 sed
1058 778 1228 826 avaritia,

123 828 313 878 superbia,
326 827 543 866 crudelitate
556 827 723 875 Gabinii,
737 841 843 879 paene
855 828 1033 866 afflictos'
1019 842 1100 877 jam
1116 838 1230 882 atque

124 893 268 919 eversos
295 881 539 932 publicanos:
570 881 708 931 quibus
735 882 890 931 quidem
919 894 997 929 vos,
1016 882 1055 919 in
1074 883 1134 921 his
1161 895 1229 921 an-

121 934 253 985 gustiis
278 934 411 978 aerarii,
442 942 570 971 tamen
598 934 840 981 subveniatis,
871 947 1018 973 necesse
1047 943 1124 973 est:
1160 937 1228 975 etsi

116 988 198 1036 jam
217 987 348 1025 multis
367 999 441 1024 non
460 987 638 1047 potesti53
669 987 734 1038 qui
757 991 925 1039 (propter
947 988 1057 1025 illum
1080 989 1227 1028 hostem

119 1043 282 1086 senatus,
303 1040 604 1078 inimicissimum
633 1041 772 1078 ordinis
798 1041 992 1092 equestris,
1022 1043 1227 1080 bonorum-

119 1106 195 1154 que
206 1093 397 1138 omnium)
411 1105 486 1131 non
505 1093 626 1131 solum
639 1095 752 1141 bona,
766 1095 830 1132 sed
842 1094 955 1132 etiam
975 1095 1224 1143 honestatem,

117 1147 244 1184 miseri
279 1146 593 1197 deperdiderunt:
636 1159 731 1198 quos
759 1159 836 1185 non
870 1147 1115 1198 parcimonia,
1148 1161 1225 1187 non

116 1200 358 1247 continentia,
393 1212 469 1237 non
499 1200 630 1247 virtus,
662 1211 737 1237 non
770 1200 890 1249 labor,
919 1213 995 1238 non
1032 1202 1221 1252 splendor,

115 1253 212 1291 tueri
229 1253 354 1304 potuit
370 1261 498 1291 contra
515 1253 618 1291 illius
636 1253 824 1292 helluonis
844 1261 880 1292 et
898 1254 1084 1305 praedonis
1103 1255 1222 1293 auda-

114 1319 225 1346 clam.

178 1359 316 1407 Quid?
345 1359 413 1410 qui
440 1372 479 1397 se
506 1358 621 1397 etiam
653 1371 754 1398 nunc
783 1360 959 1399 subsidiis
988 1360 1220 1412 patrimonii,

113 1421 181 1452 aut
191 1413 398 1450 amicorum
410 1412 632 1450 liberalitate
645 1420 866 1460 sustentant,
883 1413 951 1452 hos
962 1415 1083 1465 perire
1100 1415 1221 1466 patie-

113 1469 232 1505 mur?
261 1469 343 1512 An,
357 1466 388 1503 si
407 1465 474 1516 qui
491 1466 567 1503 frui
578 1466 730 1530 publico
748 1478 823 1504 non
842 1467 966 1517 potuit
978 1480 1045 1518 per
1055 1467 1218 1528 hostem,

111 1520 174 1558 hic
191 1520 330 1569 tegitur
347 1518 432 1570 ipsa
444 1519 527 1569 lege
545 1519 731 1565 censoria,
751 1532 866 1571 quem
883 1520 916 1558 is
932 1519 1009 1558 frui
1027 1532 1103 1558 non
1115 1521 1218 1567 sinit,

109 1574 178 1625 qui
206 1580 260 1610 est
289 1571 454 1622 (etiamsi
480 1584 556 1609 non
583 1573 811 1623 appellatur)
837 1573 969 1620 hostis,
1007 1573 1098 1611 huic
1128 1574 1218 1612 ferri

109 1625 298 1664 auxilium
326 1636 402 1662 non
419 1625 592 1676 oportet?
621 1625 795 1664 Retinete
811 1626 930 1677 igitur
955 1626 996 1664 in
1023 1627 1218 1677 provincia

110 1679 253 1717 diutius
272 1691 375 1724 eum,
405 1678 472 1729 qui
493 1678 540 1716 de
564 1678 670 1716 sociis
697 1691 785 1717 cum
802 1679 987 1727 hostibus,
1007 1679 1055 1716 de
1072 1679 1216 1719 civibus

110 1745 199 1771 cum
218 1731 338 1778 sociis,
357 1731 469 1769 faciat
486 1732 700 1782 pactiones3
730 1732 798 1784 qui
818 1733 890 1770 hoc
908 1733 1022 1770 etiam
1040 1745 1078 1770 se
1095 1733 1217 1798 pluris

108 1798 201 1833 esse,
228 1797 345 1835 quam
375 1784 572 1845 collegam,
601 1792 722 1836 putet,
752 1785 856 1836 quod
879 1785 944 1823 ille
971 1797 1036 1823 vos
1065 1786 1216 1823 tristitia

106 1840 292 1889 vultuque
311 1837 526 1888 deceperit3
556 1838 635 1888 ipse
661 1850 861 1889 nunquam
879 1851 918 1876 se
935 1838 1077 1886 minus,
1098 1851 1214 1889 quam

106 1899 200 1939 erat,
220 1903 385 1942 nequam
397 1903 474 1929 esse
488 1891 687 1929 simularit.
717 1892 806 1929 Piso
819 1898 949 1929 autem
959 1890 1034 1928 alio
1048 1891 1215 1942 quodam

106 1945 222 1984 modo
245 1943 442 1995 gloriatur,
471 1956 510 1982 se
534 1945 640 1983 brevi
666 1951 835 2006 tempore
861 1944 1072 2005 perfecisse,
1095 1956 1143 1982 ne
1169 1944 1214 1982 C.

109 1997 296 2037 Gabinius
313 2009 414 2035 unus
430 1997 604 2035 omnium
622 1998 874 2059 nequissimus
892 1997 1179 2036 existimaretur.

161 2051 234 2090 VI.
266 2050 350 2088 Hos
367 2063 433 2088 vos
459 2050 506 2088 de
533 2051 745 2102 provinciis,
766 2051 799 2088 si
817 2063 892 2089 non
918 2050 1122 2102 aliquando
1148 2050 1213 2090 de-

105 2103 267 2142 ducendi
298 2111 434 2150 essent,
467 2103 703 2164 deripiendos
732 2116 808 2142 non
837 2104 1054 2155 putaretis?
1081 2111 1118 2142 et
1145 2104 1215 2142 has

104 2157 272 2208 duplices
294 2164 413 2207 pestes
431 2156 631 2203 sociorum,
652 2157 818 2194 militum
834 2157 970 2205 clades,
991 2157 1212 2208 publicano-
