1425 2334
369 100 481 139 PRO
511 99 732 139 SEXTIO.
764 99 866 138 CAP.
885 101 946 137 43.
1136 101 1211 140 301

112 221 191 256 nes,
221 207 392 246 nondum
415 220 538 258 neque
564 207 727 244 naturali
761 219 882 258 neque
915 207 1015 244 civili
1045 209 1131 256 jure
1157 207 1222 245 de-

111 263 262 314 scripto,
281 261 355 299 fusi
372 273 440 311 per
458 273 566 311 agros
578 273 620 298 ac
633 260 788 310 dispersi
800 268 1038 310 vagarentur,
1052 268 1222 298 tantum-

111 329 187 367 que
211 316 404 361 haberent,
424 322 612 365 quantum
630 326 748 350 manu
768 326 810 351 ac
828 314 969 350 viribus
997 327 1064 364 per
1082 312 1221 351 caedem

112 382 156 407 ac
174 369 330 407 vulnera
347 375 414 405 aut
439 367 579 418 eripere
598 374 665 404 aut
686 367 844 404 retinere
866 367 1102 417 potuissent?
1140 366 1221 414 Qui

111 422 228 473 igitur
245 421 360 473 primi
378 421 514 458 virtute
533 429 570 457 et
594 420 747 458 consilio
771 420 964 470 praestanti
982 420 1219 464 exstiterunt,

114 477 156 522 ii,
172 482 363 527 perspecto
377 486 511 525 genere
528 473 707 511 humanae
725 473 922 512 docilitatis
937 480 1050 524 atque
1068 473 1223 524 ingenii,

118 529 315 580 dissipatos
334 540 456 565 unum
481 527 520 564 in
545 527 672 565 locum
691 527 991 577 congregarunt;
1021 539 1158 577 eosque
1177 539 1224 564 ex

120 583 265 621 feritate
281 581 349 618 illa
363 580 411 618 ad
422 580 609 629 justitiam
628 589 741 631 atque
758 580 1088 618 mansuetudinem
1107 588 1227 617 trans-

121 636 324 673 duxerunt.
353 634 458 671 Tum
484 646 542 672 res
561 633 609 671 ad
633 646 874 671 communem
892 633 1110 680 utilitatem,
1131 646 1225 683 quas

120 689 289 740 publicas
316 687 580 738 appellamus3
614 694 697 724 tum
725 687 982 724 conventicula
1008 686 1224 732 hominum,

122 756 208 793 quae
226 749 355 792 postea
373 740 538 778 civitates
557 740 761 778 nominatae
786 748 898 785 sunt3
931 747 1014 777 tum
1034 739 1224 777 domicilia

120 797 334 844 conjuncta,
361 807 455 844 quas
480 795 592 831 urbes
611 793 786 839 dicimus,
805 794 958 830 invento
980 801 1017 830 et
1038 793 1165 830 divino
1188 801 1225 830 et

118 849 286 886 humano
301 849 400 896 jure,
419 846 606 884 moenibus
625 854 828 897 sepserunt.

172 902 306 952 Atque
316 901 413 938 inter
431 900 529 937 hanc
540 900 655 937 vitam
675 899 899 950 perpolitam
917 899 1167 946 human-itate,
1189 906 1226 937 et

119 955 227 992 illam
244 955 468 1000 immanem,
488 952 585 990 nihil
603 961 681 990 tam
701 953 866 999 interest,
889 964 1004 1003 quam
1023 953 1088 1000 jus
1108 959 1223 1002 atque

120 1008 200 1053 vis3
239 1007 376 1045 horum
403 1014 487 1044 utro
514 1005 572 1043 uti
599 1006 778 1053 nolimus,
805 1007 920 1043 altero
939 1013 995 1042 est
1024 1005 1221 1043 utendum.

121 1062 214 1099 Vim
230 1061 406 1098 volumus
425 1059 645 1109 exstingui?
672 1061 736 1108 jus
757 1059 892 1105 valeat,
908 1071 1054 1096 necesse
1074 1058 1153 1103 est}
1183 1058 1223 1095 id

117 1122 186 1160 est,
199 1113 354 1163 judicia,
370 1113 508 1164 quibus
526 1124 638 1150 omne
648 1114 712 1161 jus
725 1113 946 1150 continetur.
975 1112 1003 1149 J
1006 1111 1130 1149 udicia
1148 1111 1224 1149 dis-

115 1168 268 1218 plicent,
288 1175 355 1204 aut
379 1166 486 1204 nulla
510 1166 624 1203 sunt?
661 1166 717 1203 vis
734 1165 964 1213 dominetur,
987 1177 1134 1202 necesse
1153 1173 1220 1203 est.

118 1222 213 1259 Haec
232 1220 359 1258 vident
377 1231 508 1258 omnes
524 1233 534 1256 ε
566 1219 667 1256 Milo
686 1226 722 1257 et
736 1219 844 1267 vidit,
861 1226 897 1256 et
914 1218 1004 1256 fecit
1022 1225 1065 1255 ut
1075 1219 1139 1266 jus
1158 1231 1223 1256 ex-

116 1275 313 1325 periretur,
333 1272 411 1310 vim
430 1272 644 1323 depelleret.
672 1272 808 1310 Altero
821 1271 878 1309 uti
890 1271 1022 1317 voluit,
1043 1278 1087 1308 ut
1105 1271 1223 1309 virtus

117 1326 313 1366 audaciam
326 1326 510 1363 vinceret:
533 1326 649 1363 altero
667 1338 760 1363 usus
778 1325 984 1363 necessario
1003 1332 1072 1371 est,
1088 1336 1135 1362 ne
1149 1324 1224 1362 vir-

118 1389 180 1419 tus
205 1382 253 1418 ab
277 1378 434 1417 audacia
453 1378 672 1416 vinceretur.
702 1378 928 1429 Eademque
955 1377 1049 1415 ratio
1076 1377 1151 1415 fuit
1177 1378 1221 1415 P.

117 1434 252 1479 Sextii,
267 1433 298 1471 si
316 1433 443 1470 minus
457 1432 496 1469 in
511 1432 719 1470 accusando
731 1435 872 1483 (neque
889 1432 991 1469 enim
1010 1444 1077 1481 per
1095 1443 1225 1469 omnes

119 1487 193 1525 fuit
210 1487 311 1524 idem
329 1499 476 1524 necesse
493 1486 606 1532 fieri),
633 1493 672 1523 at
689 1492 787 1523 certe
804 1486 844 1522 in
862 1485 1078 1523 necessitate
1096 1484 1225 1522 defen-

119 1540 252 1578 dendae
269 1539 401 1578 salutis
412 1551 504 1585 suae,
517 1539 765 1590 praesidioque
779 1545 907 1578 contra
918 1538 996 1576 vim
1011 1546 1048 1576 et
1065 1550 1225 1575 manum

121 1592 384 1644 comparando.

174 1646 337 1684 XLIII.
366 1645 405 1684 O
424 1645 494 1683 Dii
513 1645 770 1684 immortales!
802 1657 1009 1697 quemnam
1031 1644 1226 1683 ostenditis

120 1699 267 1737 exitum
284 1699 421 1737 nobis?
449 1711 566 1750 quam
584 1711 692 1750 spem
706 1699 923 1750 reipublicae
941 1699 1066 1736 datis?
1087 1705 1225 1749 quotus

119 1752 280 1804 quisqw
310 1751 521 1790 invenietur
548 1753 655 1790 tanta
678 1752 817 1790 virtute
843 1752 913 1794 vir..
945 1752 1013 1803 qui
1041 1751 1225 1801 optimam

119 1817 313 1857 quamque
330 1817 482 1843 causam
495 1805 712 1856 reipublicae
724 1806 973 1856 amplectatur
990 1807 1007 1843 Ρ
1037 1804 1103 1855 qui
1117 1803 1226 1841 bonis

119 1859 210 1897 viris
227 1858 410 1896 deserviat
424 1860 442 1896 ,⁹
469 1858 538 1909 qui
555 1858 715 1897 solidam
733 1858 887 1896 laudem
898 1869 1103 1908 veramque
1122 1869 1226 1907 quae-

121 1914 210 1950 rat?
239 1924 328 1950 cum
349 1911 456 1959 sciat,
479 1911 556 1950 duo
580 1912 647 1949 illa
668 1911 883 1963 reipublicae
905 1923 1012 1961 paene
1034 1910 1125 1957 fata,
1147 1909 1227 1946 Ga-

120 1965 269 2002 binium
292 1971 329 2002 et
347 1964 540 2013 Pisonem,
559 1965 721 2003 alterum
739 1965 889 2003 haurire
907 1963 1075 2015 quotidie
1093 1975 1139 2000 ex
1158 1975 1226 2012 pa-

119 2017 316 2056 catissimis
334 2024 449 2068 atque
474 2018 770 2069 opulentissimis
789 2018 908 2068 Syriae
932 2016 1034 2066 gazis
1053 2016 1229 2052 innume-

121 2071 237 2109 rabile
254 2069 404 2121 pondus
417 2071 500 2108 auri
515 2085 528 2116 ς
558 2072 703 2109 bellum
716 2071 853 2109 inferre
870 2068 1164 2121 quiescentibus,
1185 2077 1228 2105 ut

118 2136 249 2161 eorum
262 2131 400 2162 veteres
410 2123 648 2176 illibatasque
662 2124 826 2171 divitias,
835 2124 874 2161 in
887 2121 1228 2174 profundissimum

116 2177 318 2214 libidinum
338 2189 494 2214 suarum
513 2178 702 2229 gurgitem
724 2176 954 2228 profundatr,
987 2175 1115 2213 villam
1136 2174 1225 2213 aedi-

167 2231 316 2277 (Orat.)
340 2240 441 2269 von.
468 2241 537 2268 ιη.
931 2230 957 2266 2
978 2240 1008 2266 1)
