1455 2343
259 98 338 136 328
513 99 578 137 IN
608 98 924 138 VATINIUM.
954 98 1060 138 (ΠΛΡ.
1077 100 1114 137 2.

259 211 407 253 cutum,
421 205 582 245 dixeris:
608 207 773 259 denique
786 206 980 246 conciones
996 206 1041 244 P.
1058 205 1179 244 Sextii
1198 205 1369 257 scriptas,

257 272 351 309 quas
371 272 493 311 neque
511 263 649 308 nosset,
670 273 793 312 neque
811 261 972 312 reperire
991 267 1128 311 posset,
1148 268 1186 298 te
1203 259 1368 297 Albino-

257 325 356 350 vano
381 313 541 358 dedisse..
569 328 705 366 easque
729 315 768 351 in
787 315 904 364 hujus
923 314 1067 364 judicio
1090 326 1167 352 esse
1185 313 1368 351 recitatas.

258 366 308 403 In
328 380 492 417 quorum
511 369 628 406 altero
648 382 686 406 es
705 368 909 416 confessus,
935 381 957 405 a
980 375 1016 405 te
1040 374 1270 405 accusatores
1292 379 1371 405 esse

257 419 456 459 instructos
469 429 504 459 et
517 424 757 467 subomatos3
771 422 811 458 in
823 422 938 459 altero
948 421 1236 459 inconstantiam
1249 427 1370 464 tuam,

258 485 347 510 cum
365 474 530 522 levitate,
554 483 639 512 tum
662 475 776 512 etiam
799 475 964 525 perjurio
989 475 1238 525 implicatam,
1259 474 1370 512 refel-

256 526 357 564 listi:
380 540 482 575 cum,
499 542 614 580 quem
633 528 905 566 alienissimum
918 541 941 565 a
955 535 991 566 te
1007 541 1083 565 esse
1097 527 1266 575 dixisses,
1281 540 1370 565 eum

257 578 362 630 domi
382 588 457 619 tuae
475 582 611 627 fuissc3
642 594 758 633 quem
776 581 1099 632 praevaricatorem
1118 583 1165 619 ab
1183 580 1291 618 initio
1306 581 1371 630 ju-

256 633 431 681 dicasses,
453 635 487 673 ei
506 643 556 683 te,
584 648 679 686 quos
696 635 876 686 rogasset,
896 635 945 673 ad
969 634 1237 681 accusandum,
1256 634 1373 672 libros

260 687 400 725 dixeris
419 688 574 727 dedisse.

311 741 369 778 II.
400 742 580 781 Nimium
603 756 640 780 es
666 742 867 781 vehemens
890 742 1072 794 feroxque
1096 741 1257 780 natura:
1292 753 1369 779 non

256 800 369 845 putas
389 794 444 833 fas
464 809 555 843 esse,
575 798 735 834 verbum
756 810 803 834 ex
815 809 878 834 ore
897 796 999 834 exire
1013 797 1254 847 cujusquam,
1267 794 1372 847 quod

257 860 334 884 non
350 849 566 897 jucundum
586 857 622 888 et
640 850 890 888 honorificum
909 850 959 887 ad
976 862 1084 887 aures
1103 857 1187 887 tuas
1206 849 1369 887 accedat.

258 901 409 940 Venisti
434 903 553 941 iratus
576 904 775 941 omnibus:
808 903 911 955 quod
933 916 1016 954 ego,
1037 903 1151 940 simul
1179 916 1222 940 ac
1244 910 1281 940 te
1303 902 1370 940 ad-

257 955 378 1005 spexi,
399 957 504 1006 prius
524 970 641 1008 quam
663 957 770 1008 loqui
789 957 945 1008 coepisti,
971 962 1076 999 (cum
1100 964 1188 994 ante
1207 956 1370 1003 Gellius,

256 1009 448 1047 nutricula
465 1011 726 1048 seditiosorum
738 1011 926 1057 omnium,
938 1010 1198 1048 testimonium
1217 1010 1371 1057 diceret)

258 1062 356 1099 sensi
370 1070 484 1114 atque
500 1064 658 1116 providi.
690 1065 863 1115 Repente
888 1064 990 1101 enim
1008 1071 1059 1110 te,
1079 1071 1278 1115 tamquam
1297 1076 1373 1101 ser-

258 1128 352 1166 pens
371 1130 391 1154 e
408 1117 592 1165 latibulis,
613 1118 731 1157 oculis
750 1117 1017 1162 eminentibus,
1037 1117 1168 1155 inflato
1180 1117 1289 1165 collo,
1310 1124 1373 1154 tu-

258 1169 373 1207 midis
405 1171 623 1219 cervicibus,
659 1171 844 1209 intulisti:
885 1177 929 1208 ut
960 1170 1058 1208 mihi
1086 1178 1285 1208 renovatus
1307 1170 1373 1209 ille

258 1228 349 1261 tuus
367 1224 408 1261 in
427 1231 464 1262 te
485 1225 507 1246 *
534 1225 555 1245 ³*
584 1225 606 1246 ³¹⁵
626 1233 790 1263 veterem
810 1238 941 1263 meum
961 1225 1142 1270 amicum,
1163 1224 1228 1262 sed
1246 1232 1375 1262 tamen

259 1282 372 1314 tuum
396 1278 637 1326 familiarem,
668 1279 926 1324 defenderim3
957 1291 1045 1316 cum
1067 1278 1107 1314 in
1129 1278 1200 1315 hac
1225 1277 1375 1316 civitate

258 1331 492 1380 oppugnatio
507 1332 637 1378 soleat,
651 1332 729 1382 qua
747 1339 790 1369 tu
808 1344 911 1383 nunc
929 1331 1059 1379 uteris,
1079 1343 1371 1382 nonnunquam,

258 1381 424 1420 defensio
443 1396 657 1435 nunquam,
678 1384 895 1434 vituperari.

314 1437 389 1474 Sed
412 1450 540 1488 quaero
562 1450 585 1474 a
609 1444 659 1485 te,
685 1450 751 1474 cur
775 1437 819 1475 C.
841 1437 1063 1474 Cornelium
1087 1449 1165 1475 non
1193 1437 1372 1476 defende-

259 1503 340 1528 rem
357 1503 368 1535 3
399 1502 494 1527 num
511 1491 635 1541 legem
655 1490 823 1541 aliquam
843 1490 1040 1528 Cornelius
1059 1498 1187 1528 contra
1206 1491 1374 1542 auspicia

260 1543 390 1581 tulerit
403 1557 414 1589 3
435 1556 530 1581 num
543 1544 704 1589 sEliam,
718 1556 814 1581 num
828 1543 981 1581 Fufiam
995 1544 1119 1594 legem
1135 1545 1342 1595 neglexerit
1356 1559 1368 1591 3

260 1609 356 1634 num
376 1597 521 1635 consuli
539 1596 617 1635 vim
637 1597 829 1642 attulerit3
859 1609 952 1634 num
976 1597 1130 1635 armatis
1152 1597 1372 1637 hominibus

261 1651 449 1702 templum
474 1651 661 1696 tenuerit3
692 1663 787 1688 num
808 1651 1088 1688 intercessorem
1106 1650 1144 1688 vi
1168 1651 1372 1700 dejecerit;

260 1716 356 1742 num
374 1704 571 1754 religiones
591 1704 767 1755 polluerit
783 1717 794 1748 3
817 1704 991 1742 aerarium
1012 1704 1251 1750 exhauserit3
1269 1717 1370 1743 rem-

261 1758 455 1808 publicam
475 1757 698 1808 compilarit.
729 1757 819 1795 Tua
838 1765 940 1805 sunt,
954 1764 1021 1795 tua
1035 1764 1123 1795 sunt
1133 1758 1214 1795 haec
1231 1759 1372 1797 onmia.

262 1811 437 1849 Cornelio
449 1811 634 1860 ejusmodi
645 1811 741 1848 nihil
752 1812 941 1860 objectum
954 1819 1020 1849 est.
1048 1811 1226 1849 codicem
1238 1812 1373 1863 legisse

261 1864 466 1902 dicebatur.
496 1865 795 1911 Defendebatur,
822 1865 980 1902 testibus
1007 1864 1158 1915 collegis
1180 1865 1271 1912 suis,
1294 1878 1372 1903 non

260 1917 441 1955 recitandi
460 1918 573 1955 causa
590 1918 738 1968 legisse,
759 1917 822 1955 sed
837 1918 1133 1968 recognoscendi.
1163 1918 1371 1957 Constabat

261 1977 403 2018 tamen,
424 1971 643 2009 Cornelium
663 1971 861 2009 concilium
882 1971 948 2008 illo
967 1971 1027 2008 die
1045 1971 1242 2018 dimisisse,
1254 1972 1370 2010 inter-

261 2025 417 2062 cessioni
434 2025 612 2076 paruisse.
641 2025 706 2062 Tu
726 2038 826 2073 vero,
847 2025 908 2062 cui
927 2024 1092 2063 Cornelii
1109 2024 1276 2062 defensio
1295 2026 1370 2064 dis-

257 2078 386 2128 plicet,
412 2091 528 2129 quam
553 2091 705 2116 causam
731 2079 780 2116 ad
802 2085 978 2129 patronos
1001 2085 1098 2126 tuos,
1118 2085 1186 2115 aut
1207 2079 1310 2129 quod
1328 2093 1371 2118 os

259 2131 423 2170 afferes?
453 2132 591 2183 quibus
617 2133 698 2181 jam
722 2131 944 2182 praescribis,
969 2138 1111 2182 quanto
1136 2131 1211 2168 illis
1230 2135 1368 2183 probro

256 2183 430 2224 futurum
449 2186 510 2234 sit,
530 2185 562 2224 si
579 2193 616 2225 te
633 2185 881 2233 defenderint,
902 2198 990 2224 cum
1014 2191 1055 2224 tu
1080 2185 1177 2222 mihi
1197 2184 1365 2225 Cornelii
