1425 2334
306 90 418 130 PRO
447 91 616 130 DOMO
644 93 766 130 SUA.
797 92 900 131 CAP.
922 95 986 131 30.
1130 94 1202 137 157

105 198 218 236 vellet
233 196 334 248 quis,
353 198 393 236 in
411 198 481 236 hoc
499 210 633 249 genere
647 199 725 236 solo
743 211 823 236 rem
838 199 1047 248 judicatam
1065 199 1200 237 referre

105 263 213 302 posse
226 251 437 289 voluerunt.
465 251 667 289 Civitatem
686 265 772 290 vero
791 264 902 290 nemo
917 264 1102 302 unquam,
1122 253 1201 290 ullo

104 304 236 356 populi
251 305 374 352 jussu,
393 304 540 342 amittet
557 305 707 342 invitus.

157 357 293 395 XXX.
322 357 403 404 Qui
420 357 517 395 cives
533 358 698 395 Romani
712 358 750 395 in
764 359 925 396 colonias
944 358 1100 396 Latinas
1114 371 1199 409 pro-

102 411 371 456 ficiscebantur,
392 411 471 448 fieri
489 423 564 448 non
581 419 753 462 poterant
767 412 909 459 Latini,
923 412 989 462 qui
1001 423 1075 449 non
1095 420 1199 449 erant

100 470 268 502 auctores
286 463 387 510 facti,
406 475 618 515 nomenque
637 464 826 502 dederant.
855 464 936 512 Qui
955 473 1059 502 erant
1072 477 1199 502 rerum

100 516 319 568 capitalium
351 517 601 564 condemnati,
639 529 715 554 non
740 518 844 568 prius
880 518 977 555 hanc
1012 517 1199 556 civitatem

99 571 333 617 amittebant,
353 583 470 621 quam
489 571 643 608 erantin
663 584 745 608 eam
764 571 915 621 recepti,
935 583 1012 621 quo
1031 570 1198 608 vertendi

98 624 186 666 (hoc
204 630 271 669 est,
290 623 481 670 mutandi)
500 624 569 661 soli
587 637 699 661 causa
713 631 888 661 venerant
905 638 915 661 2
945 624 984 660 id
1002 631 1129 662 autem
1154 631 1197 661 ut

97 684 191 714 esset
208 676 436 723 faciendum,
456 688 532 714 non
551 677 762 715 ademtione
781 677 952 720 civitatis,
973 677 1037 714 sed
1055 677 1141 715 tecti
1160 684 1195 714 et

96 743 206 780 aquae
219 737 257 767 et
273 729 371 779 ignis
388 729 658 777 interdictione,
678 730 875 768 faciebant.

151 783 323 833 Populus
338 783 548 829 Romanus,
558 783 605 820 L.
620 784 727 821 Sulla
739 784 916 821 dictatore
926 782 1081 831 ferente,
1092 796 1193 821 com-

95 836 169 874 itiis
201 835 427 882 centuriatis,
466 836 680 886 municipiis
713 837 901 874 civitatem
931 836 1095 874 ademit:
1126 836 1192 873 ad-

93 889 185 927 emit
195 888 328 926 iisdem
344 901 462 939 agros.
493 889 556 926 De
567 890 666 938 agris
678 897 802 927 ratum
822 898 899 927 est:
920 889 994 926 fuit
1013 890 1114 927 enim
1125 902 1194 939 po·-

89 943 173 993 puli
190 949 378 993 potestas:
408 941 454 978 de
473 942 633 988 civitate,
654 954 702 979 ne
720 943 865 980 tamdiu
885 942 1039 993 quidem
1058 943 1190 989 valuit,

88 995 271 1047 quamdiu
286 994 354 1032 illa
368 994 515 1033 Sullani
531 996 708 1045 temporis
720 1009 825 1033 arma
837 995 1048 1033 valuerunt.
1079 995 1191 1032 Hanc

86 1061 173 1087 vero
197 1047 466 1094 Volaterranis,
487 1060 574 1085 cum
603 1049 716 1086 ctiam
744 1056 827 1086 tum
856 1056 978 1086 essent
1001 1048 1041 1084 in
1061 1048 1188 1093 armis,

87 1102 134 1141 L.
155 1101 263 1139 Sulla
291 1101 421 1146 victor,
451 1102 642 1151 republica
672 1102 902 1152 recuperata,
926 1101 1086 1139 comitiis
1105 1113 1190 1139 cen-

85 1155 244 1201 turiatis,
265 1153 452 1192 civitatem
472 1154 612 1204 eripere
631 1167 706 1193 non
727 1155 873 1205 potuit:
903 1154 1090 1204 hodieque
1109 1154 1189 1192 Vo-

84 1207 273 1255 laterrani,
300 1218 376 1244 non
400 1206 514 1244 modo
542 1207 653 1251 cives,
675 1208 739 1245 sed
771 1208 884 1245 etiam
914 1207 1049 1258 optimi
1076 1207 1186 1253 cives,

85 1262 264 1299 fruuntur
282 1259 478 1298 nobiscum
497 1260 611 1298 simul
625 1261 695 1299 hac
714 1260 873 1298 civitate.
903 1261 1102 1298 Consulari
1120 1260 1187 1298 ho-

87 1315 183 1353 mini
200 1315 246 1352 P.
267 1313 436 1359 Clodius,
450 1326 574 1352 eversa
593 1314 798 1365 republica,
818 1313 1008 1351 civitatem
1026 1313 1189 1351 adimere

83 1367 219 1428 potuit
240 1366 394 1405 concilio
408 1367 598 1414 advocato,
619 1367 811 1405 conductis
829 1367 965 1417 operis,
977 1378 1053 1404 non
1066 1367 1190 1405 solum

87 1421 294 1473 egentium,
315 1419 379 1457 sed
397 1420 509 1457 etiam
525 1433 731 1469 servorum,
752 1420 906 1459 Sedulio
923 1419 1106 1471 principe,
1122 1420 1189 1471 qui

88 1488 128 1513 se
145 1475 211 1512 1110
228 1473 289 1511 die
307 1472 541 1510 confirmavit
559 1474 695 1511 Romae
714 1486 790 1511 non
807 1472 950 1511 fuisse.
941 1475 958 1501 ⁹

141 1526 258 1575 Quod
275 1526 307 1564 si
323 1538 399 1563 non
418 1526 504 1573 fuit,
531 1526 624 1576 quid
649 1534 685 1565 te
703 1526 895 1573 audacius,
916 1526 983 1578 qui
1004 1525 1063 1575 [in
1083 1527 1185 1577 ejus]

87 1592 227 1621 nomen
243 1579 446 1617 incideris?
475 1580 568 1630 quid
592 1580 836 1631 desperatius,
857 1579 924 1630 qui
953 1591 1001 1618 ne
1030 1580 1188 1617 ementi-

86 1635 184 1673 endo
211 1632 366 1684 quidem
393 1633 558 1683 potueris
587 1640 776 1671 auctorem
801 1632 1025 1671 adumbrare
1055 1633 1188 1671 melio-

86 1700 167 1726 rem
183 1689 201 1725 ?
230 1685 298 1724 Sin
323 1691 450 1723 autem
468 1685 500 1723 is
517 1686 686 1737 primum
713 1687 820 1724 scivit
846 1686 965 1737 (quod
993 1685 1102 1724 facile
1119 1699 1188 1736 po-

85 1741 174 1790 tuit,
183 1746 344 1801 ‘propter
360 1738 528 1789 inopiam
546 1739 646 1787 tecti,
665 1740 705 1777 in
723 1740 804 1777 foro
823 1746 1086 1790 pernoctans),
1076 1752 1086 1762 ·
1121 1751 1188 1776 cur

85 1806 162 1832 non
178 1794 278 1842 juret
295 1803 335 1829 se
354 1791 526 1830 Gadibus
543 1791 671 1840 fuisse,
695 1805 783 1831 cum
800 1800 843 1830 tu
862 1800 899 1830 te
921 1792 1036 1830 fuisse
1063 1792 1187 1829 Inter-

85 1859 209 1886 amnae
231 1844 476 1904 probaveris?
520 1845 607 1884 Hoc
625 1854 667 1883 tu
686 1846 816 1897 igitur,
835 1846 950 1883 homo
974 1845 1181 1896 popularis,

83 1903 170 1951 jure
187 1897 375 1936 munitam
398 1896 585 1936 civitatem
605 1906 642 1936 et
658 1899 869 1937 libertatem
887 1906 1054 1936 nostram
1074 1905 1186 1947 putas

86 1966 164 1992 esse
182 1957 364 2002 oportere,
385 1957 441 1996 ut,
462 1951 508 1998 si,
527 1959 575 1988 tn
565 1952 680 1989 buno
697 1952 817 2003 plebis
835 1959 1003 2002 rogante,
1033 1954 1061 1974 “
1079 1950 1187 1988 Veli-

83 2008 146 2052 tis,
175 2003 428 2054 jubeatisne,”
457 2003 601 2041 Sedulii
629 2013 779 2043 centum
803 2017 843 2043 se
869 2005 965 2042 velle
997 2011 1034 2041 et
1052 2004 1186 2051 jubere

79 2059 257 2105 dixerint,
272 2055 388 2108 possit
398 2057 658 2108 unusquisque
669 2061 837 2097 nostrum
852 2057 1044 2095 amittere
1032 2056 1049 2078 ⁹
1078 2055 1183 2092 Tum

81 2115 198 2165 igitur
224 2111 384 2160 majores
408 2110 524 2147 nostri
543 2111 741 2172 populares
766 2123 841 2148 non
863 2110 1031 2154 fuerunt,
1052 2108 1118 2159 qui
1138 2107 1185 2144 dc

79 2167 228 2211 civitate
253 2171 289 2202 et
313 2161 483 2200 libertate
513 2177 556 2201 ea
577 2165 664 2213 jura
696 2170 914 2208 sanxerunt,
938 2175 1023 2213 quae
1041 2174 1108 2200 nec
1128 2161 1183 2198 vis

126 2221 278 2265 (Orat.)
308 2226 412 2255 v.01
434 2226 504 2253 111.
880 2227 903 2253 l·
