1455 2343
206 103 281 141 180
409 101 523 140 PRO
552 101 724 141 DOMO
752 102 873 142 SUA.
904 102 1007 142 CAP.
1038 105 1102 141 55.

198 209 324 260 quoad
353 221 504 247 meeum
536 209 651 247 simul
681 210 840 260 expulsa
867 216 1006 248 careret
1027 209 1086 247 his
1104 208 1306 255 moenibus,

197 276 275 301 esse
293 263 457 300 laturam
472 266 490 301 Ρ

250 318 310 353 At
341 317 386 362 si,
418 316 626 367 pontificcS,
658 329 781 367 neque
810 317 842 354 is
871 316 931 354 cui
959 315 1079 363 licuit,
1112 327 1236 367 neque
1265 315 1305 352 id

196 370 300 422 quod
325 370 381 409 fas
410 370 496 416 fuit,
518 370 726 414 dedicavit;
757 370 850 420 quid
868 383 930 407 me
949 370 1083 408 attinet
1107 370 1188 418 jam
1207 369 1304 406 illud

196 424 365 471 tertium,
390 424 493 474 quod
518 436 802 474 proposueram,
833 424 977 471 docere,
1005 436 1082 461 non
1110 423 1169 461 his
1197 422 1304 460 insti-

197 478 288 516 tutis
311 490 354 515 ac
384 478 520 524 verbis,
551 477 690 528 quibus
718 476 942 515 caerimoniae
964 478 1172 528 postulant,
1200 475 1304 514 dedi-

192 531 294 570 casse
308 533 325 569 ?

249 585 363 623 LIV.
392 584 488 622 Dixi
500 598 523 621 a
535 584 732 635 principio,
748 584 844 621 nihil
855 597 918 622 me
932 584 978 622 de
993 583 1146 622 scicntia
1164 583 1301 629 vestr-21,

192 639 290 677 nihil
308 639 354 676 de
374 638 498 683 sacris,
524 637 620 674 nihil
639 638 685 675 de
711 638 926 675 abscondito
948 639 1033 685 jure
1061 638 1299 689 pontificum,

193 693 398 730 dictumm.
429 692 530 738 Quae
549 698 638 728 sunt
655 691 780 728 adhuc
809 704 832 728 a
849 704 912 728 me
937 691 1085 740 dejure
1103 691 1300 729 dedicandi

191 747 397 797 disputata,
411 757 488 783 non
508 752 596 782 sunt
615 744 772 795 quaesita
790 758 837 782 ex
856 745 1002 782 occulto
1020 744 1148 795 aliquo
1165 757 1301 796 genere

190 800 401 846 literarum,
423 799 487 836 sed
506 805 633 835 sumta
657 797 704 836 de
722 798 861 845 medio,
884 811 931 836 ex
955 799 1068 835 rebus
1087 798 1215 849 palam
1233 811 1300 848 per

191 854 434 904 magistratus
463 852 567 898 actis,
589 851 636 888 ad
656 852 934 912 collegiumque
953 851 1100 913 delatis,
1121 864 1168 889 ex
1193 864 1299 889 sena-

191 910 229 945 ti.
235 921 268 945 s·
255 884 456 954 ζἐοῐιειῆῖο,
477 919 524 943 ex
543 907 637 955 lege.
668 906 744 943 Illa
761 906 939 944 interiora
953 907 1035 955 jam
1054 913 1176 943 vestra
1194 913 1297 954 sunt,

189 961 285 1012 quid
303 960 391 1006 diei,
411 959 505 1011 quid
523 959 691 1010 praecipi,
723 959 816 1010 quid
836 958 954 1009 tangi,
975 958 1068 1010 quid
1086 959 1218 1007 teneri,
1234 959 1299 1008 jus

188 1015 313 1052 fuerit.
344 1015 445 1062 Quae
475 1013 505 1050 si
534 1013 662 1051 omnia
688 1026 736 1050 ex
773 1013 1002 1051 Coruncanii
1031 1012 1199 1059 scientia,
1230 1013 1297 1063 qui

186 1068 434 1119 peritissimus
452 1066 625 1118 pontifex
648 1066 762 1104 fuisse
776 1066 892 1104 dicitu
883 1080 927 1113 r,
948 1073 1030 1104 acta
1055 1079 1134 1104 esse
1151 1073 1297 1104 consta-

187 1128 296 1165 rent3
327 1130 394 1159 aut
424 1121 454 1159 si
477 1121 539 1158 M.
565 1120 750 1158 Horatius
771 1120 835 1158 ille
862 1120 1066 1168 Pulvillus,
1093 1120 1175 1171 qui,
1207 1133 1296 1158 cum

185 1176 267 1224 ejus
297 1174 570 1212 dedicationem
588 1173 717 1220 multi,
737 1180 889 1224 propter
907 1174 1105 1221 invidiam,
1125 1174 1221 1212 fictis
1239 1187 1297 1211 re-

181 1229 387 1278 ligionibus
398 1227 638 1278 impedirent,
652 1227 800 1273 restitit,
811 1234 847 1264 et
858 1227 1159 1265 constantissima
1169 1235 1296 1265 mente

183 1282 419 1332 Capitolium
448 1280 646 1327 dedicavit,
675 1280 897 1329 hujusmodi
926 1281 1039 1318 alicui
1067 1280 1293 1319 dedicationi

182 1336 420 1387 praefuisset3
451 1342 577 1372 tamen
605 1334 645 1370 in
678 1335 813 1371 scelere
849 1333 980 1384 religio
1013 1346 1086 1372 non
1121 1335 1290 1379 valeret;

181 1389 324 1427 nedum
345 1389 466 1426 valeat
484 1387 537 1433 id,
559 1387 662 1438 quod
686 1387 884 1438 imperitus
913 1387 1140 1433 adolescens,
1172 1400 1293 1426 novus

182 1443 364 1489 sacerdos,
400 1441 533 1479 sororis
562 1441 749 1491 precibus,
783 1441 914 1478 matris
945 1441 1059 1478 minis
1091 1441 1290 1488 adductus,

179 1497 348 1547 ignarus,
379 1495 533 1541 invitus,
565 1494 644 1532 sine
670 1495 835 1544 collegis,
856 1494 935 1532 sine
952 1495 1073 1543 libris,
1105 1495 1184 1533 sine
1202 1508 1291 1533 auc-

179 1562 274 1595 tore,
295 1549 374 1587 sine
399 1549 539 1595 fictore,
560 1548 708 1594 furtim,
727 1556 855 1585 mente
873 1561 916 1585 ac
935 1548 1068 1599 lingua
1087 1549 1288 1597 titubante,

179 1604 308 1641 fecisse
326 1603 497 1646 dicatum
527 1601 736 1652 praesertim
766 1614 854 1639 cum
883 1601 953 1639 iste
974 1602 1150 1653 impurus
1174 1609 1289 1653 atque

177 1657 320 1708 impius
348 1656 465 1694 hostis
490 1655 664 1693 omnium
689 1654 932 1705 religionum,
956 1655 1037 1706 qui,
1062 1662 1191 1694 contra
1215 1656 1286 1703 fas,

176 1711 274 1748 inter
293 1710 391 1748 viros
410 1722 508 1760 saepe
526 1708 677 1756 mulier,
699 1716 735 1746 et
753 1709 850 1746 inter
868 1709 1045 1747 mulieres
1065 1709 1121 1747 vir
1139 1709 1285 1755 fuisset,

176 1771 303 1814 ageret
321 1763 428 1801 illam
447 1775 526 1800 rem
545 1763 598 1800 ita
623 1762 761 1813 raptim
781 1769 817 1799 et
835 1763 1066 1810 turbulente,
1093 1772 1137 1800 ut
1162 1776 1286 1814 neque

175 1830 297 1862 mens,
318 1829 442 1867 neque
461 1829 549 1863 vox,
570 1828 694 1866 neque
712 1816 858 1865 lingua,
879 1816 1106 1854 consisteret.

230 1871 319 1908 LV.
350 1869 535 1907 Delatum
553 1876 637 1906 tum
658 1877 712 1907 est
741 1869 790 1906 ad
809 1882 887 1916 vos,
908 1869 1117 1920 pontifices,
1144 1876 1181 1908 et
1197 1877 1283 1921 post

172 1925 346 1963 omniun
376 1935 546 1961 sermone
570 1923 814 1968 celebratum,
842 1923 1167 1973 quemadmodum
1196 1924 1280 1969 iste,

172 1985 356 2029 praeposte
358 1977 407 2014 ris
427 1977 562 2023 verbis,
583 1975 775 2014 ommibus
794 1976 988 2024 obscoenis,
1017 1976 1223 2014 identidem
1241 1990 1281 2015 se

172 2033 252 2082 ipse
276 2030 497 2076 revocando,
528 2029 720 2076 dubitans,
752 2029 902 2076 timens,
934 2029 1124 2078 haesitans,
1151 2029 1281 2068 omnia

172 2086 293 2129 aliter,
320 2097 362 2123 ae
383 2096 447 2131 vos
465 2083 505 2121 in
523 2083 766 2121 monimentis
790 2083 951 2130 habetis,
972 2089 1009 2121 et
1025 2083 1280 2134 pronuntiarit

159 2148 207 2178 ‘ot
226 2138 364 2177 fecerit.
395 2137 512 2186 Quod
527 2135 681 2188 quidem
699 2136 857 2177 minime
869 2136 1012 2176 mirum
1030 2146 1100 2186 est,
1115 2136 1154 2174 in
1174 2143 1279 2175 tanto
