1425 2334
322 111 439 150 PRO
471 111 740 150 PLANCIO.
770 111 873 150 CAP.
895 111 958 150 23.
1117 110 1195 148 239

89 219 187 270 quit,
206 217 300 270 quin
317 218 427 256 coitio
444 218 543 257 facta
560 218 620 266 sit,
641 230 726 256 cum
752 218 872 256 tribus
890 219 1086 268 plerasque
1103 227 1191 255 cum

91 272 217 310 Plotio
235 271 362 309 tulerit
383 271 560 310 Plancius
577 274 594 310 Ρ
631 273 699 308 An
721 271 800 309 una
821 271 901 309 fieri
925 277 1141 322 potuerunt,
1162 270 1193 308 51

88 325 167 363 una
184 324 304 363 tribus
317 337 392 363 11811
407 325 578 363 tulissent
594 327 612 362 ‚⁹
640 325 697 362 At
711 325 912 362 nonnullas
923 324 1072 375 punctis
1085 335 1192 373 paene

88 377 256 415 totidem.
285 377 441 429 Quippe
466 390 555 416 cum
576 379 657 427 jam
683 377 771 416 facti
794 390 911 428 prope
939 376 1191 428 superioribus

89 431 248 468 comitiis
284 431 536 482 declaratique
560 431 758 469 venissent.
803 431 1050 482 Quamquam
1077 442 1124 467 ne
1151 429 1191 467 id

89 483 245 534 quidem
263 484 512 535 suspicionem
530 484 698 522 coitionis
721 483 918 522 habuerit:
948 495 1070 534 neque
1089 482 1191 520 enim

87 549 261 588 unquam
271 538 431 586 majores
444 538 560 576 nostri
571 537 802 575 sortitionem
817 536 1092 575 constituissent
1104 535 1193 572 aedi-

88 589 231 638 liciam,
255 590 328 628 nisi
345 591 513 629 viderent
538 590 702 629 accidere
726 603 847 642 posse,
873 597 918 628 ut
935 588 1194 641 competitores

89 656 197 694 pares
215 643 400 694 suffragiis
414 652 544 682 essent.

145 696 200 735 Et
218 697 287 744 ais,
306 697 492 748 prioribus
510 697 668 735 comitiis
685 696 894 735 Aniensem
913 709 936 734 a
955 696 1093 744 Plotio,
1113 695 1194 734 Te-

91 750 280 788 rentinam
309 763 334 787 a
355 749 524 798 Plancio,
550 750 618 788 tibi
644 763 721 788 esse
744 762 980 795 concessam3
1018 759 1120 787 nunc
1145 750 1194 787 ab

90 811 251 854 utroque
270 816 331 841 eas
342 804 503 851 avulsas,
516 815 563 841 ne
581 804 620 841 in
639 811 843 854 angustum
855 803 1033 841 venirent.
1062 802 1192 850 Quam

93 856 279 903 convenit,
295 857 465 894 nondum
484 857 633 908 cognita
645 857 777 907 populi
788 857 992 904 voluntate,
1004 856 1086 899 1185,
1099 867 1194 906 quos

87 910 170 957 jam
196 917 280 947 tum
309 911 527 958 conjunctos
555 910 668 948 fuisse
695 910 800 956 dicis,
826 911 1010 959 jacturam
1039 921 1194 946 suarum

91 962 277 1009 tribuum,
293 976 369 1014 quo
377 975 442 1001 vos
455 963 741 1023 adjuvaremini,
754 963 905 1008 fecisse3
926 962 1089 1010 eosdem,
1105 973 1193 999 cum

88 1016 172 1064 J‘am
190 1024 310 1054 essent
328 1016 486 1066 experti,
515 1016 607 1068 quid
626 1017 804 1063 valerent,
824 1015 1008 1054 restrictos
1026 1022 1062 1053 et
1089 1021 1194 1052 tena-

92 1081 153 1107 ces
179 1069 321 1107 fuisse?
362 1069 518 1108 Etenim
548 1071 772 1108 verebantur
801 1069 941 1115 (credo)
973 1067 1189 1119 angustias:

91 1122 200 1173 quasi
226 1135 283 1160 res
310 1122 350 1160 in
372 1122 646 1161 contentionem
671 1130 738 1160 aut
758 1122 797 1160 in
823 1123 1020 1161 discrimen
1039 1119 1194 1172 aliquod

91 1182 216 1226 posset
233 1176 369 1214 venire.
407 1176 482 1215 Sed
506 1184 632 1214 tamen
651 1182 693 1213 tu
713 1188 761 1214 an
782 1176 966 1223 Plotium,
990 1174 1114 1212 virum
1133 1186 1194 1212 or-

90 1228 344 1276 natissimum,
367 1229 408 1266 in
431 1229 532 1266 idem
551 1229 690 1267 crimen
709 1229 920 1267 vocandum
935 1228 1115 1277 judicas?
1143 1239 1191 1264 an

91 1281 184 1319 dicis
196 1294 283 1319 eum
299 1290 334 1320 te
348 1282 563 1333 arripuisse,
584 1295 606 1320 a
622 1295 697 1333 quo
709 1294 785 1320 non
801 1282 849 1320 sis
861 1280 1043 1332 rogatus?
1070 1280 1190 1327 Nam,

91 1334 194 1386 quod
212 1345 365 1386 questus
383 1348 436 1382 85,
454 1336 582 1386 plures
605 1342 641 1373 te
659 1343 770 1374 testes
788 1336 925 1373 habere
942 1335 989 1372 de
1007 1332 1191 1379 Voltinia,

91 1400 208 1438 quam
234 1395 326 1439 quot
350 1389 390 1426 in
410 1389 454 1426 ea
472 1389 573 1427 tribu
594 1396 736 1440 puncta
758 1389 913 1433 tuleris;
943 1386 1098 1435 indicas,
1125 1393 1192 1424 aut

91 1453 153 1479 eos
173 1447 284 1480 testes
302 1448 339 1480 te
356 1441 553 1490 adducere,
570 1442 650 1494 qui,
671 1442 760 1494 quia
777 1453 956 1479 nummos
969 1439 1191 1491 acceperint,

90 1500 129 1531 te
153 1494 420 1544 praeterierint;
457 1502 538 1545 aut,
563 1502 601 1533 te
626 1508 674 1533 ne
698 1495 862 1546 gratuita
883 1494 1039 1546 quidem
1064 1505 1194 1531 eorum

90 1547 268 1598 suffragia
285 1548 427 1586 tulisse.

144 1600 311 1638 XXIII.
339 1601 445 1639 Illud
474 1614 562 1640 vero
586 1601 727 1640 crimen
756 1601 802 1639 de
826 1600 1008 1648 nummis,
1035 1611 1129 1650 quos
1152 1598 1192 1636 in

94 1652 190 1692 circo
208 1653 397 1693 Flaminio
415 1655 664 1706 deprehensos
689 1668 767 1694 esse
785 1654 927 1701 dixisti,
948 1652 1063 1692 caluit
1080 1665 1120 1690 re
1137 1665 1195 1690 re-

93 1706 217 1745 centi:
246 1719 347 1745 1111118
363 1707 404 1746 111
429 1709 542 1746 causa.
564 1708 724 1747 refrixit.
761 1709 900 1759 Neque
917 1707 1032 1753 enim,
1052 1706 1119 1757 qui
1136 1704 1194 1742 illi

93 1759 243 1797 nummi
261 1759 413 1809 fuerint,
431 1773 514 1810 1188,
534 1775 621 1813 quae
637 1762 772 1809 tribus,
785 1773 866 1809 1188,
882 1760 949 1812 qui
967 1759 1118 1805 divisor,
1134 1771 1196 1796 os-

93 1812 266 1851 tenderis.
295 1813 459 1864 Atque
447 1827 479 1852 1s
493 1815 662 1866 quidem,
683 1815 838 1853 eductus
858 1814 907 1851 ad
925 1813 1108 1859 consules,
1129 1811 1197 1863 qui

95 1873 179 1904 tum
197 1866 237 1904 in
255 1865 395 1904 crimen
413 1869 627 1916 vocabatur,
648 1881 688 1907 se
714 1868 844 1919 inique
862 1880 894 1904 3
914 1866 990 1904 11115
1010 1867 1195 1925 jactatum

92 1919 253 1970 graviter
276 1921 514 1971 querebatur.
551 1921 632 1969 Qui
657 1922 690 1960 si
711 1929 790 1960 erat
814 1920 965 1967 divisor,
988 1918 1195 1970 praesertim

95 1974 175 2022 ejus
193 1985 307 2024 quem
326 1980 368 2010 tu
387 1973 552 2012 habebas
569 1987 691 2023 reum,
712 1988 779 2013 cur
796 1976 864 2013 abs
881 1980 920 2011 te
943 1985 1028 2010 reus
1047 1982 1122 2009 non
1141 1976 1197 2008 est

93 2025 237 2064 factus.
228 2027 246 2054 ⁹
273 2038 340 2064 cur
352 2038 444 2074 non,
459 2028 540 2076 ejus
558 2027 812 2075 damnatione,
824 2025 969 2078 aliquid
987 2024 1034 2062 ad
1052 2023 1198 2072 1188311-

93 2078 236 2118 dicium
258 2079 465 2130 praejudicii
483 2081 742 2132 comparasti?
771 2080 846 2120 Sed
863 2089 987 2130 neque
1012 2083 1055 2114 tu
1080 2075 1198 2114 habes

91 2131 192 2180 haec,
214 2144 336 2184 neque
361 2133 415 2172 eis
432 2133 612 2173 confidis·
641 2134 716 2173 alia
732 2141 769 2173 te
786 2133 894 2179 ratio,
918 2131 993 2169 alia
1010 2128 1197 2180 cogitatio,

90 2184 139 2224 ad
151 2197 254 2236 spem
269 2186 384 2237 hujus
398 2187 637 2239 opprimendi
656 2186 843 2228 excitavit.
875 2184 1032 2235 Magnae
1051 2189 1140 2222 sunt
1157 2182 1198 2220 in
