1425 2334
350 71 462 112 PRO
490 71 688 112 SULLA.
719 71 823 109 CAP.
853 71 917 108 21.
1134 72 1186 109 65

81 174 153 215 teri
170 175 371 216 deficerent
388 178 542 216 finitimi
553 191 596 217 ac
608 178 734 224 vicini,
756 176 937 227 singulari
956 176 1139 215 exstiterit
1152 177 1193 216 in

84 230 359 280 rempublicam
377 239 544 270 nostram
563 231 685 270 officio
704 238 740 269 et
757 231 845 278 fide,
865 230 897 268 is
917 230 987 267 sibi
1005 230 1193 268 nefarium

85 282 232 320 bellum
252 291 382 322 contra
399 285 562 336 patriam
581 284 861 335 suscipiendum
881 286 1061 334 putaret?
1088 285 1196 332 cujus

87 349 136 373 aes
148 336 315 374 alienum
330 338 516 385 videmus,
533 339 690 388 judices,
706 350 781 375 non
792 337 962 384 libidine,
977 337 1040 374 scd
1056 338 1196 387 negotii

87 389 242 439 gerendi
261 391 398 437 studio,
427 404 504 430 esse
530 399 762 429 contractum
779 404 790 435 ;
821 391 887 441 qui
906 390 958 427 ita
978 390 1113 428 Romae
1132 391 1196 428 de-

87 442 186 489 buit,
207 453 250 480 ut
266 443 306 480 in
325 444 525 495 provinciis
545 453 581 483 et
599 445 638 482 in
658 444 782 495 regnis
794 444 972 481 maximae
985 443 1017 480 ei
1029 444 1198 494 pecuniae

90 495 340 543 deberenturg
370 511 464 549 quas
484 511 572 536 cum
590 506 746 549 peteret,
767 509 842 535 non
862 497 1062 543 commisit
1078 504 1121 533 ut
1140 497 1199 534 sui

89 557 346 598 procuratores
358 551 569 602 quidquam
579 551 713 597 oneris,
724 552 874 588 absente
884 564 937 596 se,
951 550 1067 587 sustin
1072 558 1199 595 erent;

91 601 218 640 tenire
236 615 368 643 omnes
386 618 472 642 suas
497 605 761 656 possessiones,
788 612 825 641 et
842 603 1068 654 patrimonio
1087 616 1124 640 se
1143 617 1203 641 or-

91 655 285 695 natissimo
313 658 477 708 spoliari,
500 658 651 705 maluit,
682 670 799 709 quam
819 658 939 694 ullam
958 669 1104 694 moram
1124 657 1204 694 cui-

93 721 210 758 quam
222 709 302 748 fieri
315 711 541 749 creditorum
553 724 722 749 suorum.
742 711 783 747 A
796 724 872 761 quo
884 710 1039 761 quidem
1052 722 1122 760 gen
1127 722 1201 757 cre,

89 761 251 810 judices,
272 777 341 814 ego
360 777 560 815 nunquam
579 765 705 811 timui,
726 777 815 802 cum
834 764 873 801 in
899 764 968 801 illa
987 763 1204 814 reipublicae

93 822 315 865 tempestate
333 831 510 855 versarer.
542 818 648 855 Illud
667 825 745 855 erat
763 830 882 867 genus
900 817 1101 854 hominum
1117 816 1205 854 hor-

96 867 204 906 ribile
223 878 259 907 et
277 871 633 921 pertimescendum,
655 871 722 922 qui
742 878 845 908 tanto
865 883 991 908 amore
1011 882 1098 907 suas
1118 882 1206 920 pos-

97 921 276 961 sessiones
294 924 462 974 amplexi
482 926 672 971 tenebant,
693 931 737 961 ut
756 925 803 961 ab
819 923 856 960 l
830 937 877 961 ns
892 925 1065 961 membra
1079 923 1207 960 divelli

99 974 207 1012 citius
225 989 267 1015 ac
285 977 442 1015 distrahi
460 990 566 1028 posse
579 978 728 1016 diceres.
759 977 913 1015 Cincius
924 989 1122 1036 nunquam
1135 989 1166 1013 Sl
1155 976 1207 1014 bi

99 1030 360 1077 cognationem
379 1043 467 1068 cum
493 1031 642 1081 praediis
662 1043 740 1069 esse
759 1030 988 1067 existimavit
1007 1029 1106 1067 suis:
1137 1029 1208 1067 ita-

100 1094 174 1132 que
194 1095 246 1129 se,
267 1095 343 1121 non
362 1083 475 1121 modo
494 1097 541 1121 ex
561 1083 771 1134 suspicione
787 1083 882 1120 tanti
897 1083 1054 1129 sceleris,
1076 1095 1210 1120 verum

101 1135 216 1173 etiam
241 1149 288 1174 ex
314 1137 420 1174 omni
442 1137 643 1174 hominum
674 1149 858 1185 sermone,
885 1148 962 1174 non
987 1136 1115 1184 armis,
1147 1135 1212 1174 sed

99 1188 327 1240 patrimonio
346 1202 427 1236 suo,
448 1189 662 1228 vindicavit.

155 1242 274 1280 XXI.
303 1243 397 1281 Jam
417 1256 516 1288 vero,
547 1244 650 1294 quod
673 1243 836 1292 subjicit,
862 1242 1115 1293 Pompeianos
1134 1255 1212 1280 esse

105 1309 128 1333 a
139 1295 248 1333 Sulla
266 1295 465 1347 impulsos,
477 1303 522 1334 ut
536 1297 584 1334 ad
596 1297 707 1335 istam
720 1296 1017 1345 conjurationem
1031 1304 1068 1334 et
1081 1296 1129 1333 ad
1143 1296 1214 1333 hoc

103 1348 292 1387 nefarium
312 1350 457 1388 facinus
476 1350 715 1395 accederent3
744 1349 784 1387 id
796 1349 1008 1398 cujusmodi
1024 1350 1084 1395 sit,
1104 1349 1215 1387 intel-

102 1401 219 1452 ligere
238 1415 313 1440 non
333 1415 499 1463 possum.
529 1404 597 1441 An
609 1404 678 1442 tibi
693 1403 917 1454 Pompeiani
931 1403 1145 1452 conjurasse
1160 1402 1216 1439 vi-

105 1455 274 1494 dentur?
304 1457 389 1508 quis
403 1457 474 1495 hoc
492 1468 664 1507 unquam
679 1456 807 1495 dixit?
828 1463 894 1494 aut
912 1470 997 1507 quae
1015 1456 1089 1493 fuit
1106 1455 1215 1493 istius

106 1508 161 1546 rei
173 1510 233 1547 vel
245 1509 406 1547 minima
418 1510 604 1560 suspicio?
626 1510 840 1559 Disjunxit‚
856 1509 995 1560 inquit,
1010 1522 1070 1547 eos
1082 1522 1104 1546 a
1116 1509 1216 1546 colo-

106 1561 178 1609 nis,
188 1570 232 1599 ut
242 1563 313 1601 hoc
324 1562 477 1602 dissidio
487 1576 530 1600 ac
541 1563 888 1610 dissensionethcta,
898 1562 1104 1614 oppidum
1094 1575 1133 1599 1n
1148 1575 1217 1600 sua

108 1623 293 1665 potestate
311 1624 436 1667 posset
453 1624 490 1655 et
502 1617 755 1668 Pompeianos
766 1617 916 1654 habere.
948 1617 1123 1654 Primum
1136 1627 1218 1652 om-

110 1668 169 1706 nis
183 1669 504 1720 Pompeianorum
524 1671 831 1735 colonorumque
837 1670 1017 1708 dissensio
1035 1669 1160 1707 delata
1173 1668 1222 1706 ad

110 1728 286 1772 patronos
304 1730 374 1769 est,
395 1736 483 1761 cum
498 1725 580 1772 jam
599 1724 854 1769 inveterasset,
881 1736 923 1760 ac
942 1724 1082 1760 multos
1101 1734 1219 1760 annos

112 1782 206 1813 esset
224 1776 435 1827 exagitata:
465 1777 600 1814 deinde
618 1777 672 1814 ita
690 1791 712 1814 a
730 1777 897 1827 patronis
916 1789 974 1814 res
989 1775 1138 1827 cognita
1149 1783 1218 1824 est,

114 1834 172 1873 ut,
192 1829 326 1866 nulla
316 1842 356 1866 m
375 1842 429 1878 re,
449 1843 472 1867 a
490 1838 709 1868 caeterorum
733 1830 925 1867 sententiis
948 1830 1056 1867 Sulla
1074 1829 1220 1866 dissen-

115 1880 226 1919 serit:
256 1890 444 1932 postremo
464 1883 611 1921 coloni
602 1883 675 1934 ipsi
693 1883 744 1921 sic
762 1883 993 1933 intelligunt
1009 1895 1085 1920 non
1102 1883 1220 1920 Pom-

115 1933 268 1986 peianos
286 1948 309 1973 a
329 1936 439 1974 Sulla
456 1937 591 1987 magis,
612 1949 727 1988 quam
748 1949 840 1984 sese,
861 1949 938 1974 esse
956 1936 1138 1974 defensos.

171 1987 304 2039 Atque
325 1988 410 2035 hoc,
427 1989 586 2038 judices,
606 2002 652 2027 ex
667 1990 738 2028 hac
755 1989 968 2040 frequentia
987 1990 1220 2033 colonorum,

116 2039 464 2080 honestissimorum
482 2042 698 2090 hominum,
717 2043 924 2093 intelligere
945 2041 1123 2093 potestis3
1155 2040 1222 2091 qui

119 2093 271 2139 adsunt,
285 2095 482 2134 laborant·
511 2096 614 2135 hunc
631 2103 848 2148 patronum,
869 2095 1115 2142 defensorem,
1139 2106 1223 2131 cus-

120 2146 246 2186 todem
259 2147 362 2188 iuius
378 2149 546 2198 coloniae,
558 2149 590 2188 si
601 2149 641 2188 in
653 2149 757 2188 omni
769 2149 921 2188 fortuna
945 2155 1058 2198 atque
1069 2148 1108 2184 in
1119 2145 1224 2184 omni

884 2204 956 2236 (513
