1425 2334
331 75 393 114 IN
416 76 726 120 VATINIUM.
757 83 860 122 CAP.
886 86 945 122 14.
1108 88 1187 126 339

87 176 212 216 muit?
240 180 325 230 quis
335 192 410 221 non
422 183 543 223 doluit
556 187 769 238 reipublicae
779 194 935 230 casum?
963 192 1048 243 quis
1062 205 1184 232 sermo

87 227 186 268 alius
199 230 240 268 in
257 233 323 271 illo
341 237 453 286 epulo
471 237 558 285 fuit,
578 241 663 288 nisi,
684 242 782 279 hane
793 250 936 281 tantam
950 253 986 282 et
1000 252 1078 283 tam
1097 259 1183 296 gra-

87 293 172 320 vem
191 284 377 325 civitatem
396 291 601 339 subjectam
621 307 711 341 esse,
739 307 813 332 non
839 296 951 335 modo
969 297 1100 346 furori,
1120 312 1182 337 ve-

86 345 174 372 rum
192 337 306 376 etiam
323 340 484 380 irrisioni
497 351 572 383 tuae
586 348 603 383 Ρ

102 423 104 425 ,
135 387 254 429 Hunc
272 399 314 430 tu
332 406 477 433 morem
495 397 716 447 ignorabas?
745 412 942 452 nunquam
955 404 1111 453 epulum
1126 405 1182 442 vi-

83 438 220 481 deras?
248 457 460 497 nunquam,
479 463 573 500 puer
590 460 656 489 aut
673 453 895 501 adolescens,
919 455 1014 493 inter
1042 469 1180 508 coquos

83 492 208 533 fueras
221 498 239 535 ?
269 498 414 549 Fausti,
444 503 685 543 adolescenti-3
705 508 941 555 nobilissimi,
962 510 1075 560 paulo
1094 518 1180 548 ante

83 558 130 584 ex
166 551 279 599 c-pulo
307 555 674 604 magnificentissimo
701 560 843 598 famem
874 562 979 599 illam
1017 569 1179 601 veterem

81 605 190 638 tuam
209 615 284 642 non
311 608 510 657 expleras?
538 610 666 658 Quem
692 616 909 652 accumbere
938 623 1101 653 atratum
1124 616 1180 654 vi-

81 652 188 692 deras
215 656 413 698 dominum
441 660 548 710 [cum
578 665 665 715 toga
689 667 832 718 pullin]
858 675 894 705 et
923 670 1004 717 ejus
1026 669 1178 718 amicos,

81 713 170 744 ante
187 711 401 750 convivium
416 716 432 752 ?
461 729 547 766 quae
565 724 601 755 te
613 725 716 756 tanta
734 721 855 757 tenuit
873 722 1049 768 amentia,
1064 730 1107 760 ut
1121 730 1178 771 tu,

81 759 154 797 nisi
177 761 216 799 id
242 763 388 804 fecisses
406 769 507 818 quod
525 770 583 807 fas
602 783 677 808 non
695 772 781 818 fuit,
802 773 873 811 nisi
892 774 1065 812 violasses
1084 783 1181 813 tem--

80 812 190 862 plum
211 815 388 867 Castoris,
409 833 545 860 nomen
565 825 680 874 epuli,
709 827 834 864 oculos
853 826 1005 875 civium,
1036 841 1180 866 morem

82 873 260 917 veterem,
280 873 375 920 ejus,
403 875 470 924 qui
489 884 524 913 te
542 877 731 923 invitarat,
752 880 1023 927 auctoritatem,
1043 894 1181 931 parum

80 927 231 968 putares
251 925 490 966 testificatum
509 942 598 978 esse,
630 932 918 982 supplicationes
946 940 982 971 te
1001 934 1085 971 illas
1103 946 1179 972 non

79 981 213 1022 putare
227 978 244 1014 ?

132 1026 250 1067 XIV.
280 1031 421 1079 Quaero
439 1035 534 1072 illud
553 1036 666 1074 etiam
686 1051 732 1075 ex
751 1046 800 1086 te,
817 1039 919 1090 quod
936 1040 1103 1090 privatus
1115 1039 1181 1078 ad-

77 1078 238 1127 misisti;
268 1084 307 1121 in
327 1099 402 1136 quo
421 1096 517 1126 certe
532 1090 613 1137 jam
628 1091 695 1128 tibi
714 1091 834 1129 dicere
849 1105 923 1130 non
938 1093 1076 1140 licebit,
1091 1106 1179 1131 cum

79 1131 292 1175 clarissimis
311 1139 398 1177 viris
417 1153 567 1179 causam
593 1151 697 1180 tuam
716 1158 793 1183 esse
807 1147 1044 1194 conjunctam
1060 1161 1069 1183 ι
1094 1160 1180 1198 pos-

79 1185 269 1227 tulatusne
298 1191 347 1228 sis
373 1193 455 1242 le'ge
478 1195 627 1233 Licinia
656 1204 692 1234 et
721 1197 873 1236 Juniii?
902 1198 1106 1237 edixeritne
1132 1200 1178 1238 C.

79 1237 293 1280 Memmius
328 1253 464 1294 praetor
482 1260 529 1284 ex
549 1249 593 1285 ea
614 1249 710 1299 lege,
741 1257 784 1288 ut
813 1251 956 1289 adesses
984 1252 1044 1290 die
1072 1252 1180 1291 trice-

79 1291 199 1330 simo?
219 1307 307 1333 cum
325 1298 356 1335 is
378 1298 456 1336 dies
474 1300 646 1349 venisset,
666 1303 855 1351 fecerisne,
875 1304 976 1355 quod
987 1305 1026 1342 in
1038 1305 1109 1343 hac
1123 1319 1180 1344 re-

77 1346 231 1394 publica
244 1361 321 1387 non
339 1351 452 1389 modo
464 1352 605 1391 factum
625 1363 711 1393 ante
722 1368 919 1407 nunquam
939 1365 1044 1405 esset,
1058 1359 1122 1396 sed
1139 1359 1180 1397 in

78 1400 182 1437 omni
200 1404 384 1441 memoria
401 1405 449 1442 sit
477 1408 631 1445 omnino
657 1408 902 1448 inauditum?
932 1412 1180 1462 appellarisne

80 1451 247 1492 tribunos
282 1456 416 1506 plebis,
453 1470 500 1496 ne
536 1472 687 1499 causam
723 1462 890 1502 diceres?
919 1464 1037 1502 levius
1072 1465 1178 1511 dixi;

80 1517 316 1558 quamquam
334 1510 373 1547 id
395 1511 522 1561 ipsum
549 1522 644 1552 esset
666 1523 703 1553 et
725 1528 882 1564 novum,
903 1524 940 1554 et
961 1529 1038 1555 non
1061 1517 1182 1556 feren·

79 1557 173 1596 dum
188 1573 198 1596 ε
219 1561 282 1598 sed
301 1564 549 1614 appellarisne
563 1568 786 1606 nominatim
801 1577 944 1620 pestem
962 1571 1064 1608 illius
1075 1571 1178 1618 anni,

78 1610 238 1650 Furiam
256 1616 400 1664 patriae,
423 1625 685 1670 tempestatem
707 1623 935 1673 reipublicae,
967 1624 1144 1662 Clodium
1159 1624 1177 1660 Ρ

79 1664 147 1714 qui
164 1673 305 1713 tamen,
325 1681 412 1707 cum
427 1672 526 1720 jure,
546 1685 634 1712 cum
652 1688 770 1723 more,
794 1689 880 1714 cum
900 1684 1095 1727 potestate,
1113 1678 1177 1725 ju-

78 1717 220 1755 dicium
244 1719 426 1771 impedire
453 1736 528 1762 non
557 1734 692 1777 posset,
719 1729 829 1766 rediit
853 1729 901 1766 ad
919 1730 1024 1767 illam
1044 1729 1121 1767 vim
1141 1737 1178 1768 et

78 1769 245 1809 furorem
264 1786 391 1822 suum,
415 1775 625 1829 ducemque
653 1794 691 1818 se
708 1782 892 1819 militibus
911 1783 984 1819 tuis
1003 1783 1175 1832 praebuit.

83 1822 133 1860 In
145 1837 234 1875 quo,
251 1837 298 1864 ne
309 1828 402 1878 quid
415 1842 438 1866 a
455 1842 517 1868 me
530 1831 672 1870 <lictum
687 1834 727 1871 in
742 1842 777 1872 te
788 1835 912 1885 potius
926 1842 1048 1885 putes,
1061 1849 1178 1886 quam

78 1877 147 1914 abs
165 1884 202 1915 te
219 1891 296 1917 esse
314 1882 530 1930 quaesitum,
560 1887 711 1924 nullum
740 1900 835 1925 onus
860 1888 1052 1938 imponam
1082 1889 1177 1927 mihi

78 1929 305 1969 testimonii:
335 1946 421 1984 quae
447 1936 542 1974 mihi
570 1939 673 1976 brevi
697 1947 865 1990 tempore
883 1953 930 1978 ex
958 1940 1088 1978 eodem
1106 1941 1178 1979 isto

77 1981 160 2020 loco
178 1983 285 2022 video
303 1997 381 2024 esse
391 1986 561 2038 dicenda,
574 1994 728 2030 servabo
740 2006 752 2038 ;
782 2001 894 2043 teque
907 2005 982 2031 non
994 2006 1151 2044 arguam
1162 2008 1175 2040 ;

79 2034 145 2073 sed
164 2037 224 2078 (ut
241 2036 281 2074 in
300 2040 439 2079 caeteris
458 2044 568 2081 rebus
585 2043 673 2091 feci)
692 2047 842 2095 rogabo-

133 2087 275 2135 Quaero
293 2103 340 2130 ex
362 2099 412 2140 te,
433 2094 579 2144 Vatini,
610 2109 704 2135 num
734 2098 818 2149 quis
849 2098 889 2135 in
920 2098 990 2136 hac
1015 2099 1176 2147 civitate,

79 2148 164 2190 post
183 2142 328 2182 Urbem
347 2147 550 2196 conditam,
571 2149 741 2189 tribunos
762 2151 882 2201 plebis
899 2151 1111 2202 appellarit,
1131 2165 1179 2192 ne
