1435 2328
220 85 273 123 28
483 85 598 125 PRO
618 84 856 126 FLACCO.
887 83 993 124 CAP.
1013 85 1079 123 28.

220 191 406 231 nimirum
426 200 482 232 est
495 193 606 242 illud,
626 194 730 246 quod
748 206 823 232 non
837 194 951 244 longe
968 205 992 230 a
1009 190 1190 243 gradibus
1207 189 1337 228 Aure.

220 246 282 284 liis
300 247 382 284 haec
401 260 513 286 causa
531 248 688 286 dicitur:
718 250 767 287 ob
786 249 858 286 hoc
876 247 1034 293 crimen,
1057 245 1120 283 hic
1143 245 1249 283 locus
1268 245 1337 281 abs

222 307 274 345 te,
295 300 408 349 Laeli,
428 309 542 353 atque
567 301 635 339 illa
654 304 767 340 turba
785 301 944 353 quaesita
970 306 1037 338 est.
1078 298 1173 346 Scis,
1194 304 1340 350 quanta.

223 353 271 391 sit
289 366 439 403 manus,
461 362 605 406 quanta
623 355 834 402 concordia,
851 361 1041 406 quantum
1059 353 1184 391 valeat
1193 351 1234 389 in
1249 362 1339 388 con-

222 407 404 445 cionibus.
435 409 634 447 Submissa
664 422 754 447 voce
783 422 911 459 agam,
945 414 1098 445 tantum
1127 413 1172 443 ut
1192 404 1339 455 judices

223 461 405 500 audiant:
437 475 561 514 neque
580 463 683 501 enim
701 463 851 510 desunt,
873 461 941 513 qui
959 461 1048 499 istos
1066 460 1107 497 in
1126 472 1202 506 me,
1224 465 1340 509 atque

223 514 265 552 in
294 515 484 566 optimum
515 529 721 567 quemque,
752 516 934 554 incitent:
965 527 1060 565 quos
1087 526 1170 564 eg0,
1198 525 1276 564 quo
1301 510 1342 548 id

224 568 373 607 facilius
392 569 546 617 saciant,
567 583 643 608 non
671 570 871 618 adjuvabo.
909 569 1011 606 Cum
1031 580 1184 613 aurum,
1205 565 1343 604 Judae-

226 635 337 660 orum
369 623 535 671 nomine,
566 624 769 674 quotannis
792 637 840 661 ex
869 622 998 670 Italia,
1030 629 1068 659 et
1089 634 1136 659 ex
1163 619 1342 658 omnibus

226 676 443 726 provinciis,
478 677 748 728 Hierosolyma
776 675 965 727 exportari
997 675 1146 722 soleret,
1185 673 1344 711 Flaccus

226 730 354 767 sanxit
374 730 507 777 edicto,
529 743 577 768 ne
597 744 644 768 ex
657 730 757 768 Asia
776 728 967 780 exportari
984 728 1123 766 liceret.
1154 727 1254 774 Quis
1273 733 1342 772 est,

221 784 381 832 judices,
403 785 471 835 qui
497 784 569 822 hoc
593 797 670 822 non
690 797 775 822 vere
789 783 946 821 laudare
963 781 1108 833 possit?
1137 779 1345 832 Exportari

225 850 365 874 aurum
391 850 468 875 non
487 846 672 888 oportere,
701 851 790 876 cum
809 850 908 887 saepe
927 842 1038 873 antea
1057 842 1222 882 senatus,
1243 842 1344 880 tum,

226 903 289 928 me
308 891 475 937 consule,
503 892 725 941 gravissime
746 890 942 940 judicavit.
985 889 1091 927 Huic
1110 895 1240 926 autem
1258 889 1346 925 bar-

226 946 329 982 barae
342 945 600 995 superstitioni
611 945 794 993 resistere,
809 943 1035 988 severitatis3
1057 941 1346 980 multitudinem

226 997 471 1045 Judaeorum,
493 999 716 1049 flagrantem
736 1010 1016 1048 nonnunquam
1034 997 1075 1033 in
1089 995 1346 1042 concionibus,

228 1065 299 1102 pro
317 1065 357 1089 re
376 1051 531 1103 publica
550 1061 804 1098 contemnere,
824 1050 1020 1102 gravitatis
1040 1062 1202 1088 summae
1219 1048 1305 1087 fuit.

283 1105 343 1143 At
363 1106 435 1143 Cn.
458 1106 681 1156 Pompeius,
707 1106 825 1156 captis
852 1103 1143 1154 Hierosolymis,
1163 1103 1280 1140 victor
1299 1115 1348 1140 ex

229 1158 297 1196 ino
316 1159 406 1197 fano
425 1159 522 1196 nihil
541 1159 676 1210 attigit.
720 1160 769 1196 ln
794 1158 927 1209 primis
945 1158 1031 1204 hoc,
1053 1163 1096 1194 ut
1115 1156 1239 1194 multa
1256 1155 1346 1202 alia,

231 1212 433 1263 sapienter,
455 1213 573 1264 quod,
601 1214 643 1250 in
670 1220 749 1250 tam
770 1210 975 1262 suspiciosa
992 1223 1036 1248 ac
1054 1209 1241 1248 maledica
1259 1209 1350 1247 civi-

230 1273 322 1314 tate,
335 1266 464 1304 locum
479 1266 645 1304 sermoni
660 1268 955 1304 obtrectatorum
969 1277 1045 1302 non
1060 1263 1225 1314 reliquit.
1256 1263 1349 1300 Non

232 1319 336 1357 enim
349 1320 473 1368 credo,
487 1320 724 1370 religionem,
739 1327 776 1357 et
789 1319 817 1357 J
820 1318 1019 1356 udaeorum
1031 1325 1068 1355 et
1079 1316 1263 1363 hostium,
1276 1316 1351 1355 im-

233 1373 452 1424 pedimento
470 1373 782 1425 praestantissimo
799 1371 1032 1423 imperatori,
1059 1371 1124 1409 sed
1145 1370 1348 1421 pudorem,

232 1426 363 1465 fuisse.
406 1427 484 1465 Ubi
504 1440 593 1478 ergo
612 1427 755 1465 crimen
775 1428 861 1464 est?
891 1426 1074 1476 quoniam
1093 1424 1250 1475 quidem
1268 1423 1351 1461 fur-

234 1487 320 1518 tum
340 1493 532 1531 nusquam
558 1480 815 1531 reprehendis,
837 1479 1004 1517 edictum
1026 1480 1178 1529 probas,
1202 1477 1352 1527 judica-

231 1540 317 1572 tum
330 1534 472 1581 fateris,
487 1535 690 1586 quaesitum
703 1541 740 1572 et
751 1534 942 1584 prolatum
954 1533 1097 1583 palam,
1113 1544 1191 1570 non
1206 1544 1321 1582 negas
1337 1544 1350 1577 3

233 1595 363 1625 actum
396 1601 474 1626 esse
503 1601 570 1639 per
594 1588 692 1626 viros
723 1587 937 1638 primarios,
975 1599 1033 1623 res
1063 1585 1146 1636 ipsa
1174 1584 1350 1623 declarat.

233 1641 421 1692 Apameae
440 1642 640 1680 manifesto
660 1641 989 1692 comprehensum,
1016 1648 1103 1676 ante
1122 1638 1236 1689 pedes
1254 1652 1353 1689 prae-

235 1695 325 1733 toris
344 1695 384 1732 in
403 1695 484 1733 foro
504 1708 715 1746 expensum
735 1702 790 1732 est
811 1694 895 1732 auri
913 1693 1040 1745 pondo
1059 1699 1214 1731 centum
1235 1693 1354 1743 paulo

233 1748 363 1786 minus
383 1762 450 1800 per
469 1750 558 1787 Sex.
580 1748 761 1795 Caesium,
783 1748 950 1799 equitem
971 1748 1209 1793 Romanum,
1224 1745 1354 1784 castis-

235 1802 378 1840 simum
397 1802 593 1840 hominem
608 1811 722 1853 atque
740 1802 1053 1852 integerrimum:
1085 1799 1284 1837 Laodiceae
1299 1799 1356 1838 vi-

235 1855 334 1906 ginti
351 1856 478 1907 pondo
497 1857 612 1907 paulo
632 1855 799 1906 amplius
813 1869 880 1906 per
891 1856 995 1893 hunc
1013 1855 1142 1905 ipsum
1162 1853 1210 1890 L.
1226 1853 1354 1892 Pedu-

236 1922 374 1956 caeum,
386 1909 557 1959 judicem
568 1916 741 1947 nostrum
756 1923 768 1954 ς
797 1908 1036 1959 Adramyttii
1047 1920 1114 1959 per
1127 1907 1199 1946 Cn.
1215 1906 1355 1945 Domi-

237 1963 351 2009 tium,
371 1963 554 2014 legatum.
585 1964 765 2013 Pergami
784 1975 860 2000 non
879 1963 1062 1999 multum.

290 2017 394 2054 Auri
412 2017 507 2054 ratio
527 2024 672 2055 constat
688 2031 697 2053 ε
729 2029 867 2053 aurum
885 2016 927 2052 in
947 2015 1077 2053 aerario
1096 2021 1176 2052 est:
1205 2013 1356 2052 furtum

236 2082 315 2108 non
326 2070 613 2121 reprehenditur
626 2085 636 2108 :
658 2069 802 2108 invidia
813 2069 1016 2121 quaeritur:
1038 2082 1061 2106 a
1069 2068 1262 2118 judicibus
1273 2080 1358 2106 ora-

237 2124 290 2162 tio
309 2124 515 2162 avertitur:
545 2137 622 2162 vox
640 2124 681 2161 in
693 2136 870 2162 coronam
883 2124 1114 2173 turbamque
1132 2120 1354 2160 effunditur.

239 2178 321 2216 Sua
339 2177 478 2230 cuique
502 2177 645 2218 civitati
669 2177 816 2230 religio,
843 2176 955 2225 Laeli,
975 2184 1057 2223 est3
1087 2182 1216 2214 nostra
1233 2174 1358 2219 nobis.
