1455 2343
166 89 244 127 308
432 86 545 124 PRO
574 85 934 125 sEXTIO.CA1›.
957 86 1020 123 52.

166 197 206 234 in
219 195 369 247 Campo
388 193 533 232 Martio
549 194 779 232 concionem
809 192 909 240 Quis
928 205 1005 232 non
1023 195 1138 234 modo
1152 208 1288 248 appro-

166 249 286 293 bavit..
303 248 369 287 sed
387 261 462 286 non
482 247 791 309 indignis-simum
809 247 957 285 facinus
976 249 1139 299 putavit,
1160 250 1289 314 illum,

167 317 244 342 non
256 303 382 342 dicam
400 303 520 354 loqui,
542 302 607 340 sed
618 302 742 340 vivere
760 315 803 340 30
818 301 991 352 spirare?
1020 302 1107 354 quis
1118 303 1209 352 fuit,
1222 307 1292 356 qui

167 370 243 396 non
264 358 346 407 ejus
365 370 454 395 voce
472 356 657 394 maculari
681 355 974 407 rempublicam,
995 369 1124 408 seque,
1151 358 1183 396 si
1201 371 1291 398 eum

169 411 330 459 audiret,
351 411 487 450 scelere
506 409 691 471 adstringi
709 411 984 449 arbitraretur?

222 466 295 504 LI.
326 465 451 504 Venio
471 465 520 503 ad
545 464 710 511 comitia,
735 464 814 502 sive
836 464 1132 514 magistratuum
1151 465 1290 517 placet,

170 519 248 558 sive
261 520 406 570 legum.
436 518 560 570 Leges
573 518 746 556 videmus
759 531 858 569 saepe
872 517 961 555 ferri
973 519 1136 557 multas:
1158 521 1293 560 omitto

169 587 245 621 eas,
263 587 349 625 quae
368 573 543 611 feruntur
557 572 624 620 ita,
638 572 704 610 vix
722 578 766 609 ut
780 571 902 623 quini,
916 578 953 609 et
966 571 1007 609 hi
1022 585 1070 610 ex
1084 572 1160 611 alia
1174 575 1291 623 tribu,

170 628 238 679 qui
257 627 483 678 suffragium
502 626 639 673 ferant,
652 625 899 678 reperiantur.
930 625 993 664 De
1010 638 1087 673 me,
1102 640 1218 678 quem
1233 635 1294 680 ty-

169 694 337 720 rannum
349 687 464 732 atque
479 688 689 731 ereptorem
703 679 886 718 libertatis
902 692 980 718 esse
991 679 1153 729 dicebat,
1166 681 1207 719 in
1225 682 1295 721 ina

168 735 281 774 ruina
299 735 517 786 reipublicae
536 734 628 772 dicit
646 747 685 773 se
701 734 828 795 legem
846 733 988 772 tulisse.
1018 734 1118 782 Quis
1137 742 1205 785 est,
1226 736 1294 787 qui

169 802 223 838 se,
245 802 335 827 cum
354 797 484 827 contra
501 801 565 826 me
583 788 811 837 ferebatur,‘
801 788 916 826 misse
935 787 1161 839 suffragium
1175 790 1294 828 confi-

168 850 292 881 teatur
309 845 327 882 ?
358 843 461 882 Cum
481 850 625 889 autem,
646 842 693 881 de
713 855 776 880 me
795 841 942 891 eodem,
964 855 1012 880 ex
1031 844 1291 882 senatus-con-

171 898 286 944 sulto,
303 897 465 936 comitiis
479 897 710 945 centuriatis,
726 895 930 944 ferebatur,
943 896 1030 948 quis
1043 903 1114 944 est,
1134 897 1202 949 qui
1215 910 1292 936 non

169 950 393 1002 profiteatur
418 965 457 990 se
482 951 651 999 affuisse,
677 957 716 989 et
740 949 967 1001 suffragium
993 950 1042 989 de
1063 951 1185 989 salute
1205 952 1295 990 me‘a

170 1005 329 1044 tulisse?
358 1006 459 1044 Utra
472 1005 589 1056 igitur
607 1018 721 1044 031153
738 1004 932 1058 popularis
951 1003 1063 1043 debet
1081 1004 1200 1043 videri
1214 1007 1232 1044 Ρ
1251 1006 1293 1044 111

170 1058 250 1110 qua
268 1072 400 1098 omnes
419 1060 634 1098 honestates
653 1059 827 1106 civitatis,
848 1071 980 1097 omnes
1000 1066 1141 1107 aetates,
1161 1072 1296 1099 omnes

171 1113 335 1161 ordines,
348 1113 428 1152 una
439 1114 680 1152 consentiunt
693 1115 710 1152 Ρ
732 1125 780 1151 311
794 1112 835 1150 111
847 1112 926 1164 qua
937 1113 1066 1151 Furiae
1080 1112 1290 1164 concitatae,

170 1173 370 1219 tamquam
390 1167 439 1206 ad
458 1167 576 1206 funus
594 1167 826 1219 reipublicae,
847 1167 1049 1205 convolant
1061 1167 1079 1204 Ρ

225 1222 309 1269 Α11,
330 1222 452 1261 sicubi
470 1221 590 1260 aderit
605 1221 770 1268 Gellius,
785 1221 902 1259 homo
917 1227 954 1258 et
967 1220 1082 1259 fratre
1099 1221 1296 1274 indignus,

170 1274 251 1313 viro
281 1276 502 1338 clarissimo,
537 1275 673 1326 [atque
702 1275 849 1326 optimo
878 1275 1067 1326 consule,]
1104 1282 1141 1313 et
1164 1275 1297 1316 ordine

174 1329 353 1380 equestri,
374 1331 485 1377 cujus
503 1329 569 1366 ille
587 1328 729 1366 ordinis
747 1340 888 1366 nomen
906 1328 1055 1379 retinet,
1075 1337 1299 1370 ornamenta

173 1382 357 1427 confecit;
388 1383 429 1420 id
457 1382 526 1420 erit
544 1382 761 1433 populare?
794 1381 868 1419 Est
886 1382 989 1419 enim
1007 1382 1124 1421 homo
1141 1382 1212 1422 iste
1228 1395 1299 1436 po·

173 1437 266 1487 pulo
286 1437 465 1474 Romano
483 1436 646 1474 deditus.
680 1435 792 1473 Nihil
811 1435 891 1473 vidi
915 1435 1065 1486 magis·
1097 1437 1179 1488 qui,
1206 1450 1296 1477 cum

171 1491 254 1538 ejus
284 1489 572 1528 adolescentia
561 1503 603 1528 111
640 1488 886 1551 amplissimis
917 1489 1125 1528 honoribus
1153 1491 1297 1530 summi

173 1544 258 1590 viri,
288 1544 336 1581 L.
358 1544 546 1595 Philippi,
574 1543 710 1591 vitrici,
738 1543 869 1581 florere
887 1543 1083 1594 potuisset,
1104 1558 1226 1596 usque
1251 1559 1297 1586 eo

172 1610 251 1636 non
270 1597 345 1635 fuit
363 1597 572 1649 popularis,
600 1605 645 1636 ut
666 1599 766 1636 bona
786 1598 887 1635 solus
906 1605 1087 1636 comesset
1103 1613 1114 1637 ε
1145 1599 1296 1648 deinde,

175 1664 223 1690 ex
242 1651 394 1703 impuro
407 1652 641 1690 adolescente
654 1659 690 1690 et
703 1652 913 1703 petulante,
927 1654 1194 1704 (posteaquam
1213 1667 1296 1693 rem

174 1712 374 1757 paternam
388 1708 436 1744 ab
455 1706 660 1744 idiotarum
680 1705 821 1744 divitiis
838 1705 887 1743 ad
905 1705 1221 1758 philosophorum
1238 1721 1299 1748 re-

174 1760 308 1810 gulam
326 1759 524 1812 perduxit)
553 1759 778 1798 Graeculum
797 1773 836 1798 se
855 1765 970 1811 atque
988 1760 1153 1799 otiosum
1171 1762 1299 1813 putari

174 1813 295 1851 voluit
308 1828 320 1860 3
342 1814 466 1852 studio
479 1814 678 1852 literarum
690 1827 728 1853 se
740 1813 865 1852 subito
876 1813 1032 1852 dedidit.
1062 1814 1174 1853 Nihil
1188 1815 1300 1865 [sane

175 1866 284 1906 Attae
299 1869 520 1920 juvabant]
551 1871 801 1919 Anagnostae,
822 1867 944 1906 libelli
969 1868 1098 1916 etiam,
1119 1882 1190 1920 pro
1208 1870 1298 1909 vino

177 1934 276 1973 saepe
303 1922 676 1974 oppignerabantur:
706 1923 886 1960 manebat
910 1922 1157 1961 insaturabile
1179 1922 1299 1962 abdo.

176 1987 266 2013 men
280 1989 292 2022 ς
314 1976 432 2028 copiae
449 1976 684 2014 deficiebant.
715 1976 854 2027 Itaque
867 1987 1016 2026 semper
1026 1978 1245 2016 versabatur
1255 1978 1298 2017 in

176 2042 244 2080 spe
256 2042 385 2068 rerum
403 2042 609 2069 novarum·
640 2030 716 2069 otio
735 2037 772 2069 et
790 2029 1065 2082 tranquillitate
1078 2030 1298 2082 reipublicae

180 2086 479 2123 consenescebat.

233 2137 331 2176 LII.
361 2138 516 2201 Ecquae.
528 2137 661 2177 seditio
680 2150 853 2191 unquam
872 2138 960 2183 fuit,
980 2137 1020 2176 in
1040 2151 1119 2189 qua
1136 2150 1214 2177 non
1231 2138 1297 2178 ine

178 2190 379 2243 princeps?
409 2193 518 2245 ecqui
549 2192 759 2241 seditiosus,
788 2192 850 2231 cui
878 2191 943 2230 ille
971 2204 1048 2230 non
1067 2192 1296 2232 familiaris?
