1455 2343
252 579 343 628 DE
380 579 824 634 HARUSPICUM
860 577 1235 628 RESPONSIS.

244 696 279 734 I.
310 695 574 734 HESTERNO
594 695 669 743 die,
699 701 825 747 patres
843 694 1056 747 conscripti,
1075 706 1165 732 cum
1183 705 1246 731 me
1263 698 1301 730 et

186 756 311 789 vestra
328 750 508 801 dignitas,
530 757 568 788 et
584 749 797 801 frequentia
824 750 999 800 equitum
1018 749 1299 792 Romanorum,

184 803 327 854 quibus
346 810 498 841 senatus
517 803 694 851 dabatur,
723 815 953 854 magnopere
972 804 1211 849 commosset,
1231 813 1305 851 pu-

187 857 268 895 tavi
285 857 381 894 mihi
394 857 673 908 reprimendam
693 869 770 895 esse
786 857 831 894 P.
846 856 972 895 Clodii
985 855 1219 907 impudicam
1231 854 1305 892 im-

186 909 427 961 pudentiam,
449 923 538 948 cum
557 910 589 948 is
607 910 898 961 publicanorum
910 922 1062 948 causam
1075 907 1305 946 stultissimis

187 963 544 1014 interrogationibus
571 964 786 1015 impediret,
806 971 843 1001 et
862 964 908 1001 P.
928 963 1102 1001 Tullioni
1121 963 1217 1012 Syro
1235 973 1298 998 na-

189 1024 294 1055 varet
308 1030 476 1068 operam,
494 1025 609 1069 atque
627 1017 661 1055 ei
679 1029 771 1065 sese,
794 1017 855 1055 cui
872 1017 974 1055 totus
992 1016 1172 1062 venierat,
1189 1015 1303 1053 etiam

187 1071 295 1109 vobis
309 1070 620 1122 inspectantibus,
633 1071 853 1109 venditaret.
884 1072 1020 1122 Itaque
1034 1069 1228 1108 hominem
1243 1068 1305 1106 fu-

187 1132 336 1162 rentem
355 1125 684 1176 exsultantemque
696 1124 878 1171 continui,
895 1125 1011 1162 simul
1029 1136 1072 1161 ac
1090 1123 1302 1174 periculum

183 1177 321 1227 judicii
338 1178 503 1216 intendi:
526 1179 675 1216 duobus
687 1177 845 1229 inceptis
859 1178 995 1225 verbis,
1011 1189 1165 1218 omnem
1182 1177 1304 1228 impe-

189 1239 275 1270 tum
289 1231 507 1282 gladiatoris
524 1231 779 1283 ferociamque
793 1232 1006 1282 compressi.

243 1285 432 1323 Attamen
449 1285 605 1335 ignarus
623 1286 702 1333 ille,
723 1285 790 1336 qui
809 1285 980 1323 consules
1011 1291 1146 1331 essent,
1167 1296 1302 1321 exsan-

188 1338 276 1390 guis
295 1346 409 1389 atque
434 1346 611 1387 aestuans,
641 1352 679 1377 se
708 1352 756 1376 ex
785 1338 890 1376 curi-3„
918 1345 1072 1389 repente
1100 1337 1301 1388 proripuit,

189 1404 281 1431 cum
295 1392 525 1443 quibusdam
543 1392 670 1430 fractis
685 1393 767 1441 jam
789 1400 903 1442 atque
921 1391 1098 1429 inanibus
1116 1391 1244 1437 minis,
1265 1399 1303 1429 et

190 1458 280 1484 cum
308 1445 411 1483 illius
431 1445 626 1483 Pisoniani
644 1445 823 1496 temporis
855 1445 1137 1495 Gabinianique
1156 1444 1305 1482 terrori-

191 1501 276 1538 bus.
307 1499 438 1546 Quem
452 1512 540 1537 cum
560 1499 814 1549 egredientem
832 1499 979 1550 insequi
997 1498 1204 1550 coepissem,
1221 1498 1305 1549 cepi

192 1552 371 1604 equidem
403 1552 572 1591 fructum
601 1554 833 1596 maximum,
864 1559 901 1590 et
930 1565 977 1590 ex
1006 1552 1306 1590 consurrectione

192 1606 368 1645 omnium
387 1609 568 1654 vestrum,
589 1614 626 1644 et
644 1619 691 1644 ex
703 1606 883 1644 comitatu
898 1605 1201 1657 publicanorum.
1231 1605 1307 1644 Sed

191 1673 319 1699 vecors
337 1667 503 1711 repente,
517 1660 597 1698 sine
615 1673 683 1698 suo
703 1661 827 1707 vultu,
847 1659 927 1697 sine
945 1659 1081 1706 colore,
1101 1658 1180 1697 sine
1198 1671 1302 1706 voce,

191 1713 383 1752 constitit:
413 1713 549 1752 deinde
576 1713 768 1764 respexit;
798 1720 835 1751 et
862 1713 978 1751 simul
996 1725 1039 1751 ac
1059 1712 1130 1750 Cn.
1159 1711 1307 1750 Lentu-

192 1767 278 1805 lum
295 1768 490 1805 consulem
515 1767 702 1818 adspexit,
733 1766 895 1804 concidit
919 1767 960 1804 in
992 1766 1106 1805 curiae
1134 1778 1243 1816 paene
1260 1766 1307 1804 li-

193 1821 313 1869 mine,
342 1820 598 1859 recordatione
617 1820 760 1867 (credo)
782 1819 938 1858 Gabinii
956 1820 1029 1866 sui,
1049 1819 1308 1871 desiderioque

196 1874 358 1913 Pisonis.
389 1874 512 1923 Cujus
531 1887 600 1924 ego
619 1873 666 1912 de
698 1873 877 1912 effrenato
906 1881 944 1912 et
968 1873 1152 1925 praecipiti
1180 1872 1308 1911 furore

195 1927 290 1979 quid
308 1928 464 1966 dicam?
493 1927 598 1965 haud
628 1934 750 1978 potest
778 1927 1013 1978 gravioribus
1042 1940 1066 1965 a
1093 1939 1157 1965 me
1185 1926 1310 1964 verbis

195 1982 400 2027 vulnerari,
421 1994 539 2033 quam
558 1989 613 2019 est
631 1981 773 2028 statim,
792 1981 833 2018 in
851 1981 951 2019 facto
974 1980 1071 2032 ipso,
1091 1993 1115 2018 a
1131 1979 1308 2030 gravissi-

195 2048 261 2073 mo
279 2034 373 2083 viro,
393 2036 440 2073 P.
460 2034 632 2081 Servilio,
659 2034 850 2072 confectus
874 2047 918 2072 ac
936 2034 1155 2072 trucidatus.
1185 2033 1308 2082 Cujus

194 2089 226 2127 si
237 2089 352 2127 etiam
372 2088 450 2127 vim
469 2095 505 2126 et
522 2088 746 2139 gravitatem
759 2088 866 2125 illam
882 2088 1127 2139 singularem,
1143 2099 1186 2125 ac
1199 2099 1309 2138 paene

193 2142 378 2189 divinam,
408 2142 557 2192 assequi
580 2154 754 2192 possem3
784 2148 914 2180 tamen
937 2154 1014 2179 non
1043 2140 1190 2188 dubito,
1211 2140 1305 2191 quin

196 2209 239 2234 ea
254 2196 340 2244 tela,
362 2209 449 2247 quae
467 2195 665 2244 conjecerit
684 2194 875 2244 inimicus,
903 2207 1020 2247 quam
1047 2207 1104 2242 ea,
1125 2207 1211 2245 quae
1229 2194 1306 2232 col·
