1425 2334
328 88 439 127 PRO
469 88 732 127 PLANCm.
763 89 867 127 en».
890 89 953 126 21.
1116 88 1194 131 237

93 193 307 245 opinionem
321 195 519 240 omnium3
539 202 582 232 ut
593 207 653 240 ne,
668 195 699 232 si
713 194 910 245 cogitasset
925 193 1079 245 quidem
1094 193 1196 244 quis-

94 248 197 298 piam
220 246 362 297 largiri,
384 247 535 285 daretur
561 248 724 298 spatium
753 247 1008 298 comparandi.
1042 247 1196 285 Vocatae

94 300 237 338 tribus:
276 300 397 337 latum
426 301 646 351 suffragium
663 316 672 338 :
714 301 922 352 descriptae,
961 300 1194 338 renuntiatae.

97 352 229 403 Longe
246 353 456 403 plurimum
475 354 592 391 valuit
614 354 805 391 Plancius.
847 354 968 391 Nulla
989 352 1195 403 largitionis

94 417 163 443 nec
179 405 268 452 fuit,
294 419 362 444 nec
380 419 459 445 esse
477 407 614 457 potuit,
642 407 815 458 suspicio.
855 407 922 443 An
951 406 1100 443 tandem
1120 417 1197 442 una

95 459 263 496 centuria
290 461 534 511 praerogativa
563 467 711 498 tantum
743 461 859 498 habet
882 459 1122 503 auctoritatis,
1153 466 1197 495 ut

94 523 207 550 nemo
233 524 404 563 unquam
430 513 531 563 prior
558 527 641 551 eam
670 513 812 560 tulerit,
841 513 933 563 quin
963 512 1197 549 renuntiatus

95 565 169 609 sit;
199 572 256 612 tu,
276 573 342 602 aut
359 566 418 604 his
435 566 525 617 ipsis
543 567 703 606 comitiis
725 567 996 612 consularibus,
1016 572 1082 602 aut
1101 572 1197 602 certe

95 617 136 655 in
155 618 266 655 illum
287 631 447 666 annum,
469 619 614 658 aedilem
639 620 840 658 Plancium
864 620 1007 657 factum
1034 617 1195 663 miraris,

96 670 137 708 in
155 684 231 722 quo
248 684 324 710 non
343 673 481 723 exigua
504 686 590 724 pars
607 673 754 724 populi,
778 673 842 711 sed
859 673 1053 710 universus
1076 683 1198 721 popu-

97 724 172 771 lus,
195 724 431 763 voluntatem
459 739 568 764 suam
593 726 821 764 declararit?
861 727 968 774 cujus
993 725 1031 761 in
1058 723 1198 761 honore

98 789 174 815 non
193 777 306 815 unius
325 779 444 817 tribus
461 793 562 831 pars,
589 780 654 817 sed
672 780 822 818 comitia
839 786 916 816 tota
940 777 1098 816 comitiis
1116 777 1198 814 fue-

102 831 178 868 rint
195 840 401 882 praerogata
416 834 432 869 ?

155 883 246 931 Quo
263 885 419 935 quidem
432 893 612 936 tempore,
633 886 663 924 si
680 886 734 935 id,
754 885 979 930 Laterensis,
999 884 1118 922 facere
1136 897 1200 921 vo-

100 936 244 985 luisses,
264 946 330 975 aut
344 938 375 975 si
392 938 582 988 gravitatis
596 952 672 977 esse
689 940 857 990 putasses
871 948 958 984 tuae,
976 937 1076 988 quod
1087 936 1201 974 multi

101 990 244 1028 nobiles
263 1003 360 1042 saepe
378 991 558 1037 fecerunt,
579 1001 634 1039 ut,
655 1005 742 1030 cum
757 992 883 1029 minus
902 992 1103 1028 valuissent
1123 989 1201 1027 suf-

101 1043 229 1093 fragiis
244 1057 360 1094 quam
378 1045 585 1095 putassent,
606 1054 746 1096 postea,
759 1045 912 1096 prolatis
923 1043 1096 1089 comitiis,
1116 1056 1203 1093 pro-

102 1103 305 1134 sternerent
322 1110 374 1145 se,
395 1105 432 1136 et
447 1099 588 1149 populo
607 1099 795 1145 Romano,
810 1098 926 1136 fracto
944 1098 1071 1134 animo
1089 1104 1202 1147 atque

103 1148 255 1197 humili,
275 1151 550 1201 supplicarent3
581 1164 657 1189 non
675 1151 820 1197 dubito,
842 1151 933 1202 quin
959 1150 1080 1188 omnis
1099 1149 1146 1186 ad
1165 1157 1202 1186 te

105 1214 325 1241 conversura
342 1216 380 1242 se
396 1204 510 1242 fuerit
530 1205 748 1242 multitudo.
784 1205 997 1255 Nunquam
1015 1203 1117 1240 enim
1134 1214 1202 1239 no-

105 1255 244 1303 bilitas,
266 1256 412 1307 integra
435 1259 640 1308 praesertim
663 1269 776 1308 atque
800 1257 991 1302 innocens,
1017 1269 1040 1293 a
1059 1255 1202 1306 populo

106 1308 283 1346 Romano
301 1311 462 1360 supplex
475 1311 671 1360 repudiata
683 1311 766 1348 fuit.
798 1311 885 1357 Sed,
906 1310 937 1347 si
954 1309 1024 1347 tibi
1041 1309 1202 1359 gravitas

106 1368 174 1399 tua
191 1369 228 1399 et
241 1363 462 1413 magnitudo
479 1363 597 1401 animi
608 1364 726 1415 pluris
743 1363 817 1401 fuit
832 1363 943 1406 (sicut
962 1375 1039 1401 esse
1057 1361 1203 1407 debuit)

109 1427 224 1464 quam
243 1416 399 1454 aedjlitas
410 1430 439 1462 3-
453 1417 544 1465 noli,
571 1430 657 1455 cum
675 1417 814 1455 habeas
831 1416 871 1454 id
889 1416 991 1467 quod
1013 1414 1203 1462 malueris,

110 1467 315 1506 desiderare
325 1469 364 1506 id
376 1470 478 1520 quod
484 1471 638 1508 minoris
646 1469 798 1522 putaris.
819 1469 1012 1520 Equidem
1022 1468 1206 1519 primum,

110 1527 154 1557 ut
171 1521 310 1560 honore
334 1522 469 1573 dignus
494 1536 627 1571 essem,
653 1524 821 1561 maxime
845 1535 992 1573 semper
1014 1520 1205 1560 laboravi:

110 1574 285 1622 secundo,
299 1582 343 1613 ut
357 1576 612 1615 existimarer:
630 1577 782 1614 tertium
792 1576 888 1614 mihi
898 1575 971 1615 fuit
980 1574 1090 1622 illud,
1107 1573 1209 1625 quod

110 1626 297 1678 plerisque
317 1629 484 1679 primum
510 1638 577 1677 est,
603 1630 682 1680 ipse
705 1630 849 1668 honos:
887 1629 954 1679 qui
976 1628 1023 1665 iis
1047 1627 1209 1677 denique

112 1678 223 1717 debet
244 1693 321 1718 esse
342 1682 546 1731 jucundus,
573 1696 734 1734 quorum
756 1682 929 1733 dignitati
947 1681 1111 1732 populus
1130 1681 1209 1718 Ro-

114 1743 250 1771 manus
264 1735 534 1783 testimonium,
547 1749 623 1774 non
635 1736 859 1774 beneficium
871 1734 1081 1782 ambitioni,
1095 1733 1208 1770 dedit.

166 1785 285 1824 XXI.
313 1786 462 1834 Quaeris
480 1789 607 1835 etiam,
627 1789 852 1836 Laterensis,
873 1788 966 1838 quid
979 1786 1208 1836 imaginibus

115 1838 204 1886 tuis,
213 1839 306 1889 quid
316 1841 551 1880 ornatissimo
561 1849 674 1893 atque
685 1842 828 1892 optimo
839 1842 932 1888 vim,
952 1841 1049 1891 patri
1060 1847 1139 1885 tuo,
1153 1851 1211 1876 re-

115 1891 297 1942 spondeas
310 1900 470 1932 mortuo.
491 1894 584 1933 Noli
596 1895 667 1932 ista
680 1894 870 1932 meditari:
891 1901 1004 1944 atque
1015 1891 1111 1931 illud
1124 1903 1212 1928 cave

114 1945 254 1995 potius,
273 1957 321 1982 ne
338 1952 405 1983 tua
421 1946 492 1987 ista
509 1948 673 1998 querela,
700 1947 881 1998 dolorque
898 1946 1052 1992 nimius,
1072 1946 1119 1983 ab
1137 1944 1213 1981 illis

113 1997 394 2048 sapientissimis
412 1999 499 2037 viris
523 2001 826 2051 reprehendatur.
856 1999 964 2040 Vidit
988 1998 1088 2036 enim
1107 2004 1213 2047 paoer

115 2057 220 2098 tuus,
250 2050 425 2102 Appium
453 2052 672 2101 Claudiurn,
700 2053 977 2091 nobilissimum
1003 2050 1211 2096 homiuem,

115 2102 205 2142 vivo
229 2111 334 2153 patre
360 2117 444 2152 suo,
473 2107 731 2156 potentissimo
757 2113 794 2144 et
823 2104 1026 2144 clarissimo
1049 2103 1140 2148 cive,
1166 2102 1212 2140 C.

118 2155 294 2206 Claudio,
317 2156 464 2196 aedilem
491 2170 567 2197 non
595 2172 672 2198 esse
698 2159 855 2208 factum,
876 2165 913 2196 et
939 2155 1114 2196 eumdem
1139 2155 1219 2194 sine
