1455 2343
555 409 781 454 ORATIO
806 416 1009 460 XXXIV.

737 533 844 542 σ--ι

517 618 645 666 PRO
682 620 750 667 M.
786 625 1026 676 COELIO.

701 739 853 773 -ψ-

555 835 994 881 ARGUMENTUM.

218 921 415 963 MARCUS
436 926 576 967 Coelius
596 944 710 982 eques
733 934 933 976 Romanus
953 936 1200 992 Ciceronique
1218 942 1330 982 fami-

215 976 318 1015 liaris
345 979 430 1017 fuit.
474 982 513 1019 Is
536 983 683 1023 duabus
712 989 1009 1029 accusationibus
1037 992 1081 1030 C.
1111 996 1275 1035 Antonii
1293 1005 1330 1036 et

214 1031 387 1069 Atratini
404 1033 591 1074 inclaruit.
620 1039 707 1077 Hoc
721 1041 847 1080 dolore
860 1053 1069 1094 permotus,
1086 1055 1123 1085 et
1137 1062 1160 1086 a
1178 1049 1328 1100 Clodia,

214 1084 373 1123 muliere
398 1087 613 1137 libidinosa,
636 1093 682 1130 P.
704 1093 829 1132 Clodii
847 1109 984 1145 sorore,
1003 1099 1192 1152 impulsus
1209 1104 1329 1143 Atra-

213 1137 315 1175 tinus
336 1138 450 1187 filins,
481 1143 645 1183 Coelium
672 1148 755 1198 lege
783 1149 941 1189 Lutati&
966 1152 1013 1190 de
1032 1154 1069 1191 vi
1087 1168 1196 1194 reum
1222 1158 1325 1211 fecit,

212 1192 316 1241 quod
334 1206 357 1230 a
372 1193 507 1233 Clodia
525 1211 662 1237 aurum
680 1214 726 1239 ex
745 1204 906 1241 armario
918 1213 1099 1246 mutuum
1119 1211 1324 1262 sumsisset,

209 1258 288 1294 quo
307 1259 430 1286 servos
450 1249 603 1289 Lucceii
622 1254 670 1291 ad
689 1256 828 1294 caedem
847 1257 984 1297 Dionis
1011 1261 1126 1312 legati
1152 1264 1326 1304 Alexan-

210 1297 407 1338 drinorum
440 1302 675 1354 impelleret3
719 1309 868 1357 deinde,
901 1324 988 1350 cum
1022 1315 1156 1354 Clodia
1184 1331 1322 1357 aurum

205 1354 414 1401 repetisset,
435 1368 558 1395 servos
573 1361 653 1407 ejus
678 1361 727 1398 ad
740 1363 936 1402 dominam
955 1379 1098 1407 veneno
1116 1371 1324 1411 tollendam

207 1404 462 1453 sollicitasset3
500 1410 828 1466 deprehensusque
860 1419 907 1456 ab
944 1420 1075 1459 amicis
1108 1423 1251 1463 Clodiae
1279 1427 1320 1465 in

205 1457 349 1497 balneis
369 1460 540 1501 Licinius
570 1475 676 1515 esset,
707 1481 794 1506 cum
823 1483 1012 1511 venenum
1040 1488 1145 1514 servo
1174 1478 1318 1518 Clodiae

204 1511 377 1551 traderet.
409 1515 457 1551 In
477 1524 636 1569 utroque
664 1521 820 1560 crimine
846 1524 1025 1565 diluendo
1045 1529 1175 1568 Cicero
1193 1545 1317 1571 versa-

203 1571 278 1611 tur,
299 1565 365 1613 ita,
386 1575 429 1605 ut
454 1581 576 1620 neque
604 1573 832 1625 principium
854 1589 978 1629 neque
1006 1582 1152 1620 exitum
1176 1585 1315 1626 habere

202 1619 398 1665 ostendat3
429 1621 466 1658 h.
500 1637 530 1661 e.
565 1638 687 1677 neque
715 1641 844 1667 causas
871 1632 995 1671 afferri
1022 1648 1143 1686 posse,
1173 1639 1313 1689 quibus

202 1670 343 1710 Coeh'us
363 1673 412 1711 ad
430 1675 501 1714 hoc
518 1677 664 1718 facinus
690 1681 868 1721 inductus
896 1686 958 1734 sit,
978 1700 1102 1740 neque
1120 1704 1177 1729 res
1194 1692 1309 1744 ipsas,

200 1724 340 1774 quibus
360 1728 500 1766 crimen
521 1733 768 1781 contineatur,
789 1737 886 1775 inter
904 1752 943 1777 se
957 1748 993 1778 et
1012 1755 1099 1780 cum
1117 1745 1311 1797 principiis

141 1785 145 1790 ·
196 1780 415 1818 consentire.
444 1782 512 1831 Et,
533 1787 714 1836 quoniam
741 1791 864 1829 multa
890 1792 930 1830 in
949 1795 1067 1834 vitam
1087 1797 1196 1836 Coelii
1213 1799 1314 1839 dicta

196 1839 303 1869 erant
316 1835 364 1871 ab
384 1845 609 1887 accusatore,
626 1841 685 1878 his
700 1856 853 1894 quoque
871 1845 1001 1886 Cicero
1019 1851 1244 1901 respondet3
1274 1861 1312 1892 et

194 1884 354 1924 crimina
373 1901 416 1926 ea
428 1891 569 1940 partim
588 1894 737 1943 refellit,
758 1898 897 1947 partim
913 1910 1090 1949 excusat3
1112 1911 1149 1942 et
1165 1906 1312 1957 optima

194 1950 356 1990 quaeque
367 1941 407 1979 in
425 1951 620 1994 posterum
631 1949 778 1997 judices
790 1964 812 1989 a
828 1951 945 1992 Coelio
957 1964 1171 2008 exspectare
1185 1960 1309 2009 jubet.
