1455 2343
184 94 262 136 276
442 96 554 135 PRO
584 96 806 137 SEXTIO.
838 99 942 138 (pr.
977 101 1036 138 lo.

187 199 352 238 Castoris
383 203 510 253 palam
548 208 909 257 comportabantur3
951 209 1090 259 gradus
1122 210 1291 259 ejusdem

186 256 321 305 templi
346 257 599 296 tollebantur.-
630 262 765 298 armati
794 262 967 300 homines
994 263 1119 301 forum
1144 272 1180 302 et
1205 278 1293 302 con-

185 307 308 347 ciones
321 312 521 349 tenebant:
552 313 670 352 caedes
683 315 1006 367 lapidationesque
1021 316 1160 356 fiebant
1175 333 1184 356 ε
1206 320 1294 356 nul-

187 361 248 399 lus
278 370 358 401 erat
389 373 556 413 senatus,
588 368 683 405 nihil
712 369 850 420 reliqui
884 371 1150 420 magistratus:
1193 385 1293 410 unus

185 427 341 454 omnem
359 419 533 457 omnium
552 428 776 471 potestatem
795 423 909 461 armis
931 433 968 462 et
985 425 1189 464 latrociniis
1207 440 1293 478 pos-

187 468 345 517 sidebat,
361 483 438 509 non
457 473 587 525 aliqua
606 475 644 512 vi
664 476 756 520 su”a;
787 477 865 523 sed,
886 490 975 515 cum
994 479 1069 516 duo
1089 481 1258 518 consules
1271 494 1293 517 a

185 525 380 574 republica
410 528 690 576 provinciarum
720 529 857 568 foedere
885 532 1111 578 retraxisset,
1134 534 1295 572 insulta-

186 578 266 623 bat,
286 578 554 618 dominabatur
570 597 580 618 :
612 583 695 620 aliis
714 584 980 634 pollicebatur:
1005 592 1142 624 terrore
1161 601 1203 626 ac
1215 601 1295 626 me-

186 637 227 668 tu
248 632 403 679 multos,
423 634 549 683 plures
569 636 683 673 etiam
703 650 768 687 spe
787 645 824 675 et
841 638 1049 688 promissis,
1069 642 1230 680 tenebat.

240 684 341 732 Quae
371 699 458 724 cum
479 697 601 726 essent
622 691 822 738 ejusmodi,
845 691 1005 740 judices,
1026 706 1115 730 cum
1143 703 1295 734 senatus

185 737 299 776 duces
318 740 457 786 nullos,
493 754 537 780 ac
558 755 626 793 pro
651 743 812 782 ducibus
834 745 1055 795 proditores,
1083 755 1150 785 aut
1170 750 1296 799 potius

187 799 336 842 apertos
355 793 493 842 hostes,
514 795 692 840 haberet:
724 806 894 849 equester
907 800 999 837 ordo
1020 813 1106 838 reus
1124 815 1147 839 a
1164 815 1299 841 consu-

187 845 288 884 libus
300 847 476 885 citaretur
492 863 503 891 ς
530 850 653 888 Italiae
668 851 783 889 totius
795 853 996 891 auctoritas
1009 855 1271 905 repudiaretur
1284 872 1296 899 ς

187 899 253 936 alii
282 901 510 940 nominatim
536 905 806 954 relegarentur,
833 907 898 943 alii
925 915 1031 945 metu
1061 921 1104 946 ac
1132 910 1300 960 periculo

189 959 441 998 terrerenturt,
472 969 579 995 arma
598 966 719 996 essent
734 959 773 996 in
794 960 960 1010 templis,
976 963 1112 1000 armati
1130 964 1169 1001 in
1189 964 1269 1003 foro
1285 979 1297 1009 ;

190 1020 310 1058 eaque
329 1021 405 1047 non
425 1010 573 1050 silentio
597 1013 795 1051 consulum
818 1014 1159 1064 dissimularentur,
1181 1019 1245 1056 sed
1264 1028 1301 1057 et

191 1073 280 1099 voce
300 1070 336 1100 et
361 1065 547 1103 sententia
572 1068 933 1117 comprobarentur;
964 1082 1050 1107 cum
1075 1083 1206 1110 omnes
1226 1073 1303 1111 Ur·

191 1116 294 1165 bem,
325 1117 497 1155 nondum
517 1120 682 1158 excisam
701 1129 739 1158 et
767 1134 950 1169 eversam,
971 1122 1035 1161 sed
1050 1125 1130 1173 jam
1151 1134 1304 1177 captam

189 1176 305 1220 atque
323 1183 556 1222 oppressam,
588 1174 826 1219 videremus;
857 1183 985 1214 tamen
1003 1178 1063 1216 his
1088 1179 1203 1217 tantis
1220 1193 1304 1219 ma-

190 1223 249 1270 lis,
271 1230 376 1263 tanto
394 1227 582 1265 bonorum
598 1228 736 1275 studio,
747 1229 907 1278 judices,
920 1230 1195 1271 restitissemus.
1226 1235 1302 1273 Sed

191 1289 254 1315 me
272 1278 337 1315 alii
355 1286 494 1328 metus,
521 1288 636 1333 atque
658 1282 742 1325 aliae
761 1296 860 1321 curae
878 1285 1198 1337 suspicionesque,
1219 1300 1303 1326 mo-

192 1340 338 1370 verunt.

244 1385 363 1425 XVI.
393 1387 599 1440 Exponam
619 1390 721 1428 enim
742 1392 921 1430 hodierno
941 1392 1016 1439 die,
1036 1394 1195 1444 judices,
1216 1410 1300 1435 om-

191 1451 279 1477 nem
297 1441 483 1479 rationem
501 1443 592 1482 facti
611 1451 648 1481 et
666 1445 812 1483 consilii
831 1446 931 1484 mei:
961 1459 1084 1500 neque
1109 1449 1199 1488 huic
1217 1464 1299 1489 ves-

190 1501 248 1531 tro
273 1501 379 1532 tanto
409 1496 534 1534 studio
565 1497 757 1546 audiendi,
794 1512 919 1551 neque
950 1514 1038 1540 vero
1067 1503 1158 1541 huic
1183 1511 1298 1543 tantae

191 1548 443 1597 multitudini,
465 1554 639 1601 (quanta,
660 1553 747 1590 mea
769 1554 967 1601 memoria,
999 1568 1200 1608 nunquam
1217 1559 1299 1597 ullo

191 1601 229 1639 in
256 1602 400 1652 judicio
429 1603 518 1651 fuit)
549 1605 670 1643 deero.
701 1607 821 1655 Nam,
852 1608 883 1645 si
908 1621 992 1659 ego,
1019 1610 1058 1647 in
1081 1611 1193 1649 causa
1217 1619 1297 1651 tam

191 1657 304 1704 bona,
326 1664 430 1695 tanto
449 1658 575 1696 studio
593 1663 756 1706 senatus,
776 1673 960 1700 consensu
991 1670 1071 1701 tam
1089 1664 1300 1704 incredibili

190 1711 378 1748 bonorum
397 1712 586 1759 omnium,
615 1720 694 1752 tam
718 1722 864 1766 parato,
891 1716 971 1754 tota
999 1717 1162 1770 denique
1186 1720 1301 1759 Italia

191 1764 239 1802 ad
257 1777 413 1803 omnem
432 1767 711 1805 contentionem
731 1769 921 1820 expedita,
946 1771 1036 1809 cessi
1055 1773 1198 1811 tribuni
1216 1775 1299 1825 ple-

191 1819 262 1867 bis,
283 1819 568 1871 despicatissimi
579 1821 757 1867 hominis,
770 1822 903 1872 furori,
916 1825 1299 1867 contemtissimorum

190 1874 390 1911 consulum
408 1873 601 1912 levitatem
613 1875 887 1928 audaciamque
899 1879 1077 1928 pertimui
1091 1893 1103 1925 ς
1131 1881 1297 1921 nimium

190 1939 252 1965 me
274 1927 469 1976 timidum,
495 1928 638 1966 nullius
663 1930 795 1977 animi,
820 1932 964 1970 nullius
993 1934 1151 1982 consilii,
1182 1935 1298 1975 fuisse

188 1981 378 2019 confiteor.

245 2035 353 2082 Quid
372 2036 475 2073 enim
494 2036 617 2075 simile
636 2037 709 2075 fuit
727 2039 767 2076 in
787 2039 838 2087 Q.
860 2039 1052 2080 Metello?
1082 2043 1191 2091 cujus
1209 2056 1299 2082 cau-

191 2101 269 2125 sam
291 2090 359 2127 etsi
377 2103 507 2128 omnes
522 2092 612 2128 boni
625 2094 851 2142 probabant,
865 2102 992 2133 tamen
1006 2109 1130 2147 neque
1148 2106 1298 2136 senatus

189 2143 354 2192 publice.
376 2156 498 2194 neque
517 2146 619 2182 ullus
638 2146 728 2183 ordo
747 2148 909 2197 proprie,
929 2161 1053 2201 neque
1077 2150 1155 2187 suis
1174 2151 1299 2190 decre-

191 2196 237 2232 tis
270 2196 382 2234 Italia
413 2206 504 2236 tota.
539 2209 764 2250 susceperat.
808 2202 875 2239 Ad
909 2216 1016 2240 suam
1048 2204 1149 2242 enim
1178 2206 1300 2256 magis
