<?xml version="1.0" encoding="UTF-8"?>
<!DOCTYPE html PUBLIC "-//W3C//DTD XHTML 1.0 Transitional//EN"
    "http://www.w3.org/TR/xhtml1/DTD/xhtml1-transitional.dtd">
<html xmlns="http://www.w3.org/1999/xhtml" xml:lang="en" lang="en">
 <head>
  <title>
</title>
<meta http-equiv="Content-Type" content="text/html;charset=utf-8" />
  <meta name='ocr-system' content='tesseract 3.04.00' />
  <meta name='ocr-capabilities' content='ocr_page ocr_carea ocr_par ocr_line ocrx_word'/>
</head>
<body>
  <div class='ocr_page' id='page_1' title='image "./operaern07ciceuoft_0268.png"; bbox 0 0 1455 2343; ppageno 0'>
   <div class='ocr_carea' id='block_1_1' title="bbox 232 100 1108 140">
    <p class='ocr_par' dir='ltr' id='par_1_1' title="bbox 232 100 1108 140">
     <span class='ocr_line' id='line_1_1' title="bbox 232 100 1108 140; baseline 0 0"><span class='ocrx_word' id='word_1_1' title='bbox 232 104 310 140; x_wconf 65' lang='lat'><strong>254</strong></span> <span class='ocrx_word' id='word_1_2' title='bbox 467 100 580 140; x_wconf 87' lang='lat' dir='ltr'><strong>PRO</strong></span> <span class='ocrx_word' id='word_1_3' title='bbox 611 100 878 140; x_wconf 82' lang='lat' dir='ltr'><strong>PLANCIO.</strong></span> <span class='ocrx_word' id='word_1_4' title='bbox 910 102 1014 140; x_wconf 74' lang='lat' dir='ltr'><strong>CAP.</strong></span> <span class='ocrx_word' id='word_1_5' title='bbox 1045 103 1108 140; x_wconf 81' lang='lat'><strong>38.</strong></span> 
     </span>
    </p>
   </div>
   <div class='ocr_carea' id='block_1_2' title="bbox 232 209 1354 2253">
    <p class='ocr_par' dir='ltr' id='par_1_2' title="bbox 232 209 1348 584">
     <span class='ocr_line' id='line_1_2' title="bbox 232 209 1348 262; baseline -0.001 -13"><span class='ocrx_word' id='word_1_6' title='bbox 232 211 396 249; x_wconf 83' lang='lat' dir='ltr'><strong>rissimos</strong></span> <span class='ocrx_word' id='word_1_7' title='bbox 415 209 630 261; x_wconf 82' lang='lat' dir='ltr'><strong>triumphos</strong></span> <span class='ocrx_word' id='word_1_8' title='bbox 648 209 777 260; x_wconf 80' lang='lat' dir='ltr'><strong>gloriae</strong></span> <span class='ocrx_word' id='word_1_9' title='bbox 803 210 915 248; x_wconf 89' lang='lat' dir='ltr'><strong>laude</strong></span> <span class='ocrx_word' id='word_1_10' title='bbox 941 210 1156 262; x_wconf 86' lang='lat' dir='ltr'><strong>superavit;</strong></span> <span class='ocrx_word' id='word_1_11' title='bbox 1186 209 1290 261; x_wconf 86' lang='lat' dir='ltr'><strong>quod</strong></span> <span class='ocrx_word' id='word_1_12' title='bbox 1308 216 1348 248; x_wconf 84' lang='lat' dir='ltr'><strong>et</strong></span> 
     </span>
     <span class='ocr_line' id='line_1_3' title="bbox 232 263 1348 316; baseline -0.002 -14"><span class='ocrx_word' id='word_1_13' title='bbox 232 266 317 303; x_wconf 81' lang='lat' dir='ltr'><strong>illos</strong></span> <span class='ocrx_word' id='word_1_14' title='bbox 335 265 437 316; x_wconf 88' lang='lat' dir='ltr'><strong>ipsos</strong></span> <span class='ocrx_word' id='word_1_15' title='bbox 456 263 755 314; x_wconf 83' lang='lat' dir='ltr'><strong>improbissimos</strong></span> <span class='ocrx_word' id='word_1_16' title='bbox 774 264 872 302; x_wconf 82' lang='lat' dir='ltr'><strong>cives</strong></span> <span class='ocrx_word' id='word_1_17' title='bbox 891 264 1052 303; x_wconf 83' lang='lat' dir='ltr'><strong>interfici</strong></span> <span class='ocrx_word' id='word_1_18' title='bbox 1071 263 1208 310; x_wconf 82' lang='lat' dir='ltr'><strong>noluit,</strong></span> <span class='ocrx_word' id='word_1_19' title='bbox 1228 270 1278 309; x_wconf 85' lang='lat' dir='ltr'><strong>et,</strong></span> <span class='ocrx_word' id='word_1_20' title='bbox 1298 275 1348 301; x_wconf 87' lang='lat' dir='ltr'><strong>ne</strong></span> 
     </span>
     <span class='ocr_line' id='line_1_4' title="bbox 232 317 1343 370; baseline -0.001 -15"><span class='ocrx_word' id='word_1_21' title='bbox 232 319 319 370; x_wconf 87' lang='lat' dir='ltr'><strong>quis</strong></span> <span class='ocrx_word' id='word_1_22' title='bbox 338 321 459 357; x_wconf 88' lang='lat' dir='ltr'><strong>bonus</strong></span> <span class='ocrx_word' id='word_1_23' title='bbox 478 317 645 356; x_wconf 83' lang='lat' dir='ltr'><strong>interiret</strong></span> <span class='ocrx_word' id='word_1_24' title='bbox 665 318 703 354; x_wconf 87' lang='lat' dir='ltr'><strong>in</strong></span> <span class='ocrx_word' id='word_1_25' title='bbox 730 318 862 356; x_wconf 58' lang='lat' dir='ltr'><strong>effidem</strong></span> <span class='ocrx_word' id='word_1_26' title='bbox 894 318 1008 365; x_wconf 85' lang='lat' dir='ltr'><strong>caede,</strong></span> <span class='ocrx_word' id='word_1_27' title='bbox 1040 317 1228 369; x_wconf 68' lang='lat' dir='ltr'><strong>providitg</strong></span> <span class='ocrx_word' id='word_1_28' title='bbox 1259 329 1343 368; x_wconf 81' lang='lat' dir='ltr'><strong>ego,</strong></span> 
     </span>
     <span class='ocr_line' id='line_1_5' title="bbox 233 371 1346 423; baseline -0.002 -13"><span class='ocrx_word' id='word_1_29' title='bbox 233 372 348 410; x_wconf 83' lang='lat' dir='ltr'><strong>tantis</strong></span> <span class='ocrx_word' id='word_1_30' title='bbox 366 371 542 423; x_wconf 83' lang='lat' dir='ltr'><strong>periculis</strong></span> <span class='ocrx_word' id='word_1_31' title='bbox 561 371 774 422; x_wconf 81' lang='lat' dir='ltr'><strong>propositis,</strong></span> <span class='ocrx_word' id='word_1_32' title='bbox 796 374 915 418; x_wconf 85' lang='lat' dir='ltr'><strong>(cum,</strong></span> <span class='ocrx_word' id='word_1_33' title='bbox 945 372 976 409; x_wconf 90' lang='lat' dir='ltr'><strong>si</strong></span> <span class='ocrx_word' id='word_1_34' title='bbox 995 372 1114 410; x_wconf 90' lang='lat' dir='ltr'><strong>victus</strong></span> <span class='ocrx_word' id='word_1_35' title='bbox 1133 384 1266 420; x_wconf 83' lang='lat' dir='ltr'><strong>essem,</strong></span> <span class='ocrx_word' id='word_1_36' title='bbox 1288 371 1346 409; x_wconf 91' lang='lat' dir='ltr'><strong>in-</strong></span> 
     </span>
     <span class='ocr_line' id='line_1_6' title="bbox 234 425 1345 476; baseline -0.002 -12"><span class='ocrx_word' id='word_1_37' title='bbox 234 426 365 465; x_wconf 84' lang='lat' dir='ltr'><strong>teritus</strong></span> <span class='ocrx_word' id='word_1_38' title='bbox 384 425 614 476; x_wconf 81' lang='lat' dir='ltr'><strong>reipublicae,</strong></span> <span class='ocrx_word' id='word_1_39' title='bbox 635 426 667 463; x_wconf 87' lang='lat' dir='ltr'><strong>si</strong></span> <span class='ocrx_word' id='word_1_40' title='bbox 687 425 870 472; x_wconf 86' lang='lat' dir='ltr'><strong>vicissem,</strong></span> <span class='ocrx_word' id='word_1_41' title='bbox 892 426 1042 464; x_wconf 83' lang='lat' dir='ltr'><strong>infinita</strong></span> <span class='ocrx_word' id='word_1_42' title='bbox 1055 425 1262 473; x_wconf 80' lang='lat' dir='ltr'><strong>dimicatio,</strong></span> <span class='ocrx_word' id='word_1_43' title='bbox 1278 437 1345 476; x_wconf 86' lang='lat' dir='ltr'><strong>pa-</strong></span> 
     </span>
     <span class='ocr_line' id='line_1_7' title="bbox 234 479 1348 531; baseline -0.002 -13"><span class='ocrx_word' id='word_1_44' title='bbox 234 488 395 525; x_wconf 81' lang='lat' dir='ltr'><strong>raretur)</strong></span> <span class='ocrx_word' id='word_1_45' title='bbox 429 479 717 523; x_wconf 84' lang='lat' dir='ltr'><strong>committerem,</strong></span> <span class='ocrx_word' id='word_1_46' title='bbox 743 487 787 517; x_wconf 92' lang='lat' dir='ltr'><strong>ut</strong></span> <span class='ocrx_word' id='word_1_47' title='bbox 811 479 913 517; x_wconf 88' lang='lat' dir='ltr'><strong>idem</strong></span> <span class='ocrx_word' id='word_1_48' title='bbox 939 480 1106 531; x_wconf 86' lang='lat' dir='ltr'><strong>perditor</strong></span> <span class='ocrx_word' id='word_1_49' title='bbox 1130 479 1348 531; x_wconf 82' lang='lat' dir='ltr'><strong>reipublicae</strong></span> 
     </span>
     <span class='ocr_line' id='line_1_8' title="bbox 235 533 942 584; baseline -0.001 -12"><span class='ocrx_word' id='word_1_50' title='bbox 235 534 465 580; x_wconf 76' lang='lat' dir='ltr'><strong>nominarer,</strong></span> <span class='ocrx_word' id='word_1_51' title='bbox 485 533 552 584; x_wconf 91' lang='lat' dir='ltr'><strong>qui</strong></span> <span class='ocrx_word' id='word_1_52' title='bbox 572 540 737 570; x_wconf 78' lang='lat' dir='ltr'><strong>servator</strong></span> <span class='ocrx_word' id='word_1_53' title='bbox 755 533 909 571; x_wconf 81' lang='lat' dir='ltr'><strong>fuissem</strong></span> <span class='ocrx_word' id='word_1_54' title='bbox 925 535 942 571; x_wconf 71' lang='grc' dir='ltr'>Ρ</span> 
     </span>
    </p>

    <p class='ocr_par' dir='ltr' id='par_1_3' title="bbox 234 586 1354 1648">
     <span class='ocr_line' id='line_1_9' title="bbox 291 586 1348 638; baseline -0.003 -12"><span class='ocrx_word' id='word_1_55' title='bbox 291 587 516 626; x_wconf 79' lang='lat' dir='ltr'><strong>XXXVII.</strong></span> <span class='ocrx_word' id='word_1_56' title='bbox 547 587 716 624; x_wconf 88' lang='lat' dir='ltr'><strong>Mortem</strong></span> <span class='ocrx_word' id='word_1_57' title='bbox 742 599 804 624; x_wconf 87' lang='lat' dir='ltr'><strong>mc</strong></span> <span class='ocrx_word' id='word_1_58' title='bbox 823 587 993 625; x_wconf 84' lang='lat' dir='ltr'><strong>timuisse</strong></span> <span class='ocrx_word' id='word_1_59' title='bbox 1010 586 1114 626; x_wconf 90' lang='lat' dir='ltr'><strong>dicis.</strong></span> <span class='ocrx_word' id='word_1_60' title='bbox 1155 587 1242 638; x_wconf 90' lang='lat' dir='ltr'><strong>Ego</strong></span> <span class='ocrx_word' id='word_1_61' title='bbox 1261 598 1348 624; x_wconf 87' lang='lat' dir='ltr'><strong>vero</strong></span> 
     </span>
     <span class='ocr_line' id='line_1_10' title="bbox 234 640 1348 692; baseline -0.001 -13"><span class='ocrx_word' id='word_1_62' title='bbox 234 655 282 680; x_wconf 89' lang='lat' dir='ltr'><strong>ne</strong></span> <span class='ocrx_word' id='word_1_63' title='bbox 300 641 624 678; x_wconf 79' lang='lat' dir='ltr'><strong>inuuortalitatem</strong></span> <span class='ocrx_word' id='word_1_64' title='bbox 638 640 809 691; x_wconf 84' lang='lat' dir='ltr'><strong>quidem,</strong></span> <span class='ocrx_word' id='word_1_65' title='bbox 824 648 954 679; x_wconf 89' lang='lat' dir='ltr'><strong>contra</strong></span> <span class='ocrx_word' id='word_1_66' title='bbox 966 653 1046 679; x_wconf 88' lang='lat' dir='ltr'><strong>rem</strong></span> <span class='ocrx_word' id='word_1_67' title='bbox 1062 640 1270 692; x_wconf 79' lang='lat' dir='ltr'><strong>publicam,</strong></span> <span class='ocrx_word' id='word_1_68' title='bbox 1287 653 1348 678; x_wconf 80' lang='lat' dir='ltr'><strong>ac-</strong></span> 
     </span>
     <span class='ocr_line' id='line_1_11' title="bbox 237 694 1349 746; baseline -0.002 -13"><span class='ocrx_word' id='word_1_69' title='bbox 237 694 448 746; x_wconf 82' lang='lat' dir='ltr'><strong>cipiendam</strong></span> <span class='ocrx_word' id='word_1_70' title='bbox 469 701 658 744; x_wconf 83' lang='lat' dir='ltr'><strong>putarem,</strong></span> <span class='ocrx_word' id='word_1_71' title='bbox 679 694 821 732; x_wconf 89' lang='lat' dir='ltr'><strong>nedum</strong></span> <span class='ocrx_word' id='word_1_72' title='bbox 841 694 959 732; x_wconf 87' lang='lat' dir='ltr'><strong>emori</strong></span> <span class='ocrx_word' id='word_1_73' title='bbox 983 707 1072 733; x_wconf 91' lang='lat' dir='ltr'><strong>cum</strong></span> <span class='ocrx_word' id='word_1_74' title='bbox 1097 694 1261 746; x_wconf 83' lang='lat' dir='ltr'><strong>pernicie</strong></span> <span class='ocrx_word' id='word_1_75' title='bbox 1277 694 1349 732; x_wconf 89' lang='lat' dir='ltr'><strong>rei-</strong></span> 
     </span>
     <span class='ocr_line' id='line_1_12' title="bbox 238 747 1351 801; baseline -0.002 -14"><span class='ocrx_word' id='word_1_76' title='bbox 238 749 401 801; x_wconf 85' lang='lat' dir='ltr'><strong>publicae</strong></span> <span class='ocrx_word' id='word_1_77' title='bbox 413 749 561 786; x_wconf 89' lang='lat' dir='ltr'><strong>vellem.</strong></span> <span class='ocrx_word' id='word_1_78' title='bbox 592 748 713 796; x_wconf 86' lang='lat' dir='ltr'><strong>Nam,</strong></span> <span class='ocrx_word' id='word_1_79' title='bbox 733 747 801 799; x_wconf 91' lang='lat' dir='ltr'><strong>qui</strong></span> <span class='ocrx_word' id='word_1_80' title='bbox 820 761 889 799; x_wconf 87' lang='lat' dir='ltr'><strong>pro</strong></span> <span class='ocrx_word' id='word_1_81' title='bbox 899 748 1094 800; x_wconf 59' lang='lat' dir='ltr'><strong>republica</strong></span> <span class='ocrx_word' id='word_1_82' title='bbox 1112 749 1230 787; x_wconf 82' lang='lat' dir='ltr'><strong>vitam</strong></span> <span class='ocrx_word' id='word_1_83' title='bbox 1245 747 1351 786; x_wconf 83' lang='lat' dir='ltr'><strong>dedi-</strong></span> 
     </span>
     <span class='ocr_line' id='line_1_13' title="bbox 237 801 1352 854; baseline -0.002 -13"><span class='ocrx_word' id='word_1_84' title='bbox 237 805 389 850; x_wconf 88' lang='lat' dir='ltr'><strong>derunt,</strong></span> <span class='ocrx_word' id='word_1_85' title='bbox 411 802 513 844; x_wconf 84' lang='lat' dir='ltr'><strong>(licet</strong></span> <span class='ocrx_word' id='word_1_86' title='bbox 530 814 594 839; x_wconf 90' lang='lat' dir='ltr'><strong>me</strong></span> <span class='ocrx_word' id='word_1_87' title='bbox 611 801 778 853; x_wconf 86' lang='lat' dir='ltr'><strong>desipere</strong></span> <span class='ocrx_word' id='word_1_88' title='bbox 800 802 948 850; x_wconf 80' lang='lat' dir='ltr'><strong>dicatis)</strong></span> <span class='ocrx_word' id='word_1_89' title='bbox 967 805 1183 854; x_wconf 63' lang='lat' dir='ltr'><strong>nunquam}</strong></span> <span class='ocrx_word' id='word_1_90' title='bbox 1203 801 1352 840; x_wconf 88' lang='lat' dir='ltr'><strong>meher-</strong></span> 
     </span>
     <span class='ocr_line' id='line_1_14' title="bbox 237 856 1351 907; baseline -0.001 -12"><span class='ocrx_word' id='word_1_91' title='bbox 237 858 335 902; x_wconf 86' lang='lat' dir='ltr'><strong>cule,</strong></span> <span class='ocrx_word' id='word_1_92' title='bbox 356 869 418 894; x_wconf 87' lang='lat' dir='ltr'><strong>eos</strong></span> <span class='ocrx_word' id='word_1_93' title='bbox 436 862 598 894; x_wconf 86' lang='lat' dir='ltr'><strong>mortem</strong></span> <span class='ocrx_word' id='word_1_94' title='bbox 612 856 752 907; x_wconf 89' lang='lat' dir='ltr'><strong>potius,</strong></span> <span class='ocrx_word' id='word_1_95' title='bbox 769 869 887 907; x_wconf 90' lang='lat' dir='ltr'><strong>quam</strong></span> <span class='ocrx_word' id='word_1_96' title='bbox 901 856 1240 903; x_wconf 77' lang='lat' dir='ltr'><strong>immortalitatem,</strong></span> <span class='ocrx_word' id='word_1_97' title='bbox 1254 868 1351 894; x_wconf 82' lang='lat' dir='ltr'><strong>asse-</strong></span> 
     </span>
     <span class='ocr_line' id='line_1_15' title="bbox 240 909 1352 961; baseline -0.002 -12"><span class='ocrx_word' id='word_1_98' title='bbox 240 919 346 949; x_wconf 83' lang='lat' dir='ltr'><strong>cutos</strong></span> <span class='ocrx_word' id='word_1_99' title='bbox 371 910 535 961; x_wconf 84' lang='lat' dir='ltr'><strong>putavi..</strong></span> <span class='ocrx_word' id='word_1_100' title='bbox 571 909 658 960; x_wconf 83' lang='lat' dir='ltr'><strong>Ego</strong></span> <span class='ocrx_word' id='word_1_101' title='bbox 683 921 771 948; x_wconf 88' lang='lat' dir='ltr'><strong>vero</strong></span> <span class='ocrx_word' id='word_1_102' title='bbox 800 910 830 948; x_wconf 90' lang='lat' dir='ltr'><strong>si</strong></span> <span class='ocrx_word' id='word_1_103' title='bbox 856 917 941 948; x_wconf 90' lang='lat' dir='ltr'><strong>tum</strong></span> <span class='ocrx_word' id='word_1_104' title='bbox 965 910 1121 948; x_wconf 89' lang='lat' dir='ltr'><strong>illorum</strong></span> <span class='ocrx_word' id='word_1_105' title='bbox 1145 909 1352 961; x_wconf 87' lang='lat' dir='ltr'><strong>impiorum</strong></span> 
     </span>
     <span class='ocr_line' id='line_1_16' title="bbox 238 963 1354 1015; baseline -0.001 -13"><span class='ocrx_word' id='word_1_106' title='bbox 238 965 337 1003; x_wconf 85' lang='lat' dir='ltr'><strong>ferro</strong></span> <span class='ocrx_word' id='word_1_107' title='bbox 355 977 398 1002; x_wconf 83' lang='lat' dir='ltr'><strong>ac</strong></span> <span class='ocrx_word' id='word_1_108' title='bbox 417 977 534 1001; x_wconf 87' lang='lat' dir='ltr'><strong>manu</strong></span> <span class='ocrx_word' id='word_1_109' title='bbox 555 963 812 1011; x_wconf 87' lang='lat' dir='ltr'><strong>concidissem,</strong></span> <span class='ocrx_word' id='word_1_110' title='bbox 836 964 876 1001; x_wconf 91' lang='lat' dir='ltr'><strong>in</strong></span> <span class='ocrx_word' id='word_1_111' title='bbox 895 971 1123 1015; x_wconf 89' lang='lat' dir='ltr'><strong>perpetuum</strong></span> <span class='ocrx_word' id='word_1_112' title='bbox 1141 963 1354 1015; x_wconf 87' lang='lat' dir='ltr'><strong>respublica</strong></span> 
     </span>
     <span class='ocr_line' id='line_1_17' title="bbox 239 1016 1351 1069; baseline -0.002 -12"><span class='ocrx_word' id='word_1_113' title='bbox 239 1019 347 1057; x_wconf 81' lang='lat' dir='ltr'><strong>civile</strong></span> <span class='ocrx_word' id='word_1_114' title='bbox 361 1018 581 1069; x_wconf 62' lang='lat' dir='ltr'><strong>praesidium</strong></span> <span class='ocrx_word' id='word_1_115' title='bbox 596 1017 727 1056; x_wconf 88' lang='lat' dir='ltr'><strong>salutis</strong></span> <span class='ocrx_word' id='word_1_116' title='bbox 752 1031 830 1056; x_wconf 87' lang='lat' dir='ltr'><strong>suae</strong></span> <span class='ocrx_word' id='word_1_117' title='bbox 843 1018 1076 1069; x_wconf 81' lang='lat' dir='ltr'><strong>perdidisset.</strong></span> <span class='ocrx_word' id='word_1_118' title='bbox 1110 1016 1351 1066; x_wconf 86' lang='lat' dir='ltr'><strong>Quinetiam,</strong></span> 
     </span>
     <span class='ocr_line' id='line_1_18' title="bbox 239 1071 1352 1124; baseline -0.002 -14"><span class='ocrx_word' id='word_1_119' title='bbox 239 1073 269 1111; x_wconf 80' lang='lat' dir='ltr'><strong>si</strong></span> <span class='ocrx_word' id='word_1_120' title='bbox 281 1086 344 1110; x_wconf 85' lang='lat' dir='ltr'><strong>me</strong></span> <span class='ocrx_word' id='word_1_121' title='bbox 356 1073 412 1111; x_wconf 88' lang='lat' dir='ltr'><strong>vis</strong></span> <span class='ocrx_word' id='word_1_122' title='bbox 426 1071 555 1123; x_wconf 85' lang='lat' dir='ltr'><strong>aliqua</strong></span> <span class='ocrx_word' id='word_1_123' title='bbox 568 1072 706 1120; x_wconf 82' lang='lat' dir='ltr'><strong>morbi,</strong></span> <span class='ocrx_word' id='word_1_124' title='bbox 727 1079 794 1110; x_wconf 86' lang='lat' dir='ltr'><strong>aut</strong></span> <span class='ocrx_word' id='word_1_125' title='bbox 805 1079 941 1110; x_wconf 80' lang='lat' dir='ltr'><strong>natura</strong></span> <span class='ocrx_word' id='word_1_126' title='bbox 951 1072 1047 1124; x_wconf 85' lang='lat' dir='ltr'><strong>ipsa,</strong></span> <span class='ocrx_word' id='word_1_127' title='bbox 1060 1071 1326 1110; x_wconf 84' lang='lat' dir='ltr'><strong>consumsisset</strong></span> <span class='ocrx_word' id='word_1_128' title='bbox 1339 1084 1352 1115; x_wconf 85' lang='grc'><strong>;</strong></span> 
     </span>
     <span class='ocr_line' id='line_1_19' title="bbox 239 1125 1354 1177; baseline -0.002 -12"><span class='ocrx_word' id='word_1_129' title='bbox 239 1135 365 1165; x_wconf 85' lang='lat' dir='ltr'><strong>tamen</strong></span> <span class='ocrx_word' id='word_1_130' title='bbox 383 1126 527 1164; x_wconf 78' lang='lat' dir='ltr'><strong>auxilia</strong></span> <span class='ocrx_word' id='word_1_131' title='bbox 543 1126 771 1177; x_wconf 86' lang='lat' dir='ltr'><strong>posteritatis</strong></span> <span class='ocrx_word' id='word_1_132' title='bbox 786 1133 908 1164; x_wconf 82' lang='lat' dir='ltr'><strong>essent</strong></span> <span class='ocrx_word' id='word_1_133' title='bbox 920 1126 1139 1174; x_wconf 88' lang='lat' dir='ltr'><strong>imminuta,</strong></span> <span class='ocrx_word' id='word_1_134' title='bbox 1152 1125 1255 1177; x_wconf 91' lang='lat' dir='ltr'><strong>quod</strong></span> <span class='ocrx_word' id='word_1_135' title='bbox 1266 1138 1354 1176; x_wconf 89' lang='lat' dir='ltr'><strong>per-</strong></span> 
     </span>
     <span class='ocr_line' id='line_1_20' title="bbox 241 1178 1354 1231; baseline -0.002 -12"><span class='ocrx_word' id='word_1_136' title='bbox 241 1189 388 1219; x_wconf 87' lang='lat' dir='ltr'><strong>emtum</strong></span> <span class='ocrx_word' id='word_1_137' title='bbox 404 1187 497 1218; x_wconf 86' lang='lat' dir='ltr'><strong>esset</strong></span> <span class='ocrx_word' id='word_1_138' title='bbox 515 1179 603 1218; x_wconf 65' lang='lat' dir='ltr'><strong>mea</strong></span> <span class='ocrx_word' id='word_1_139' title='bbox 620 1186 743 1218; x_wconf 91' lang='lat' dir='ltr'><strong>morte</strong></span> <span class='ocrx_word' id='word_1_140' title='bbox 761 1179 801 1217; x_wconf 90' lang='lat' dir='ltr'><strong>id</strong></span> <span class='ocrx_word' id='word_1_141' title='bbox 815 1180 1050 1231; x_wconf 82' lang='lat' dir='ltr'><strong>exemplum,</strong></span> <span class='ocrx_word' id='word_1_142' title='bbox 1063 1179 1188 1231; x_wconf 86' lang='lat' dir='ltr'><strong>qualis</strong></span> <span class='ocrx_word' id='word_1_143' title='bbox 1200 1178 1354 1217; x_wconf 85' lang='lat' dir='ltr'><strong>futurus</strong></span> 
     </span>
     <span class='ocr_line' id='line_1_21' title="bbox 240 1233 1351 1285; baseline -0.002 -14"><span class='ocrx_word' id='word_1_144' title='bbox 240 1235 280 1272; x_wconf 91' lang='lat' dir='ltr'><strong>in</strong></span> <span class='ocrx_word' id='word_1_145' title='bbox 295 1247 358 1272; x_wconf 93' lang='lat' dir='ltr'><strong>me</strong></span> <span class='ocrx_word' id='word_1_146' title='bbox 370 1234 564 1272; x_wconf 81' lang='lat' dir='ltr'><strong>retinendo</strong></span> <span class='ocrx_word' id='word_1_147' title='bbox 577 1233 707 1272; x_wconf 85' lang='lat' dir='ltr'><strong>fuisset</strong></span> <span class='ocrx_word' id='word_1_148' title='bbox 721 1241 871 1272; x_wconf 87' lang='lat' dir='ltr'><strong>senatus</strong></span> <span class='ocrx_word' id='word_1_149' title='bbox 886 1234 1128 1285; x_wconf 89' lang='lat' dir='ltr'><strong>populusque</strong></span> <span class='ocrx_word' id='word_1_150' title='bbox 1140 1234 1351 1271; x_wconf 86' lang='lat' dir='ltr'><strong>Romanus.</strong></span> 
     </span>
     <span class='ocr_line' id='line_1_22' title="bbox 239 1287 1354 1338; baseline -0.001 -14"><span class='ocrx_word' id='word_1_151' title='bbox 239 1289 276 1324; x_wconf 77' lang='lat' dir='ltr'><strong>A</strong></span> <span class='ocrx_word' id='word_1_152' title='bbox 282 1301 321 1334; x_wconf 86' lang='lat' dir='ltr'><strong>n,</strong></span> <span class='ocrx_word' id='word_1_153' title='bbox 331 1288 361 1326; x_wconf 86' lang='lat' dir='ltr'><strong>si</strong></span> <span class='ocrx_word' id='word_1_154' title='bbox 370 1300 542 1338; x_wconf 83' lang='lat' dir='ltr'><strong>unquam</strong></span> <span class='ocrx_word' id='word_1_155' title='bbox 554 1287 594 1324; x_wconf 92' lang='lat' dir='ltr'><strong>in</strong></span> <span class='ocrx_word' id='word_1_156' title='bbox 605 1300 668 1325; x_wconf 91' lang='lat' dir='ltr'><strong>me</strong></span> <span class='ocrx_word' id='word_1_157' title='bbox 682 1287 769 1325; x_wconf 87' lang='lat' dir='ltr'><strong>vitae</strong></span> <span class='ocrx_word' id='word_1_158' title='bbox 777 1287 963 1338; x_wconf 78' lang='lat' dir='ltr'><strong>cupiditas</strong></span> <span class='ocrx_word' id='word_1_159' title='bbox 973 1287 1118 1333; x_wconf 89' lang='lat' dir='ltr'><strong>fuisset,</strong></span> <span class='ocrx_word' id='word_1_160' title='bbox 1128 1300 1211 1337; x_wconf 83' lang='lat' dir='ltr'><strong>ego,</strong></span> <span class='ocrx_word' id='word_1_161' title='bbox 1224 1298 1354 1324; x_wconf 87' lang='lat' dir='ltr'><strong>mense</strong></span> 
     </span>
     <span class='ocr_line' id='line_1_23' title="bbox 239 1340 1353 1392; baseline 0 -13"><span class='ocrx_word' id='word_1_162' title='bbox 239 1341 443 1379; x_wconf 86' lang='lat' dir='ltr'><strong>Decembri</strong></span> <span class='ocrx_word' id='word_1_163' title='bbox 461 1341 537 1378; x_wconf 91' lang='lat' dir='ltr'><strong>mei</strong></span> <span class='ocrx_word' id='word_1_164' title='bbox 556 1341 784 1387; x_wconf 70' lang='lat' dir='ltr'><strong>consulatus,</strong></span> <span class='ocrx_word' id='word_1_165' title='bbox 799 1341 973 1378; x_wconf 84' lang='lat' dir='ltr'><strong>omnium</strong></span> <span class='ocrx_word' id='word_1_166' title='bbox 991 1340 1262 1392; x_wconf 86' lang='lat' dir='ltr'><strong>parricidarum</strong></span> <span class='ocrx_word' id='word_1_167' title='bbox 1278 1340 1353 1379; x_wconf 85' lang='lat' dir='ltr'><strong>tela</strong></span> 
     </span>
     <span class='ocr_line' id='line_1_24' title="bbox 240 1394 1354 1446; baseline -0.002 -13"><span class='ocrx_word' id='word_1_168' title='bbox 240 1397 488 1433; x_wconf 58' lang='lat' dir='ltr'><strong>commussem</strong></span> <span class='ocrx_word' id='word_1_169' title='bbox 504 1397 521 1432; x_wconf 72' lang='grc' dir='ltr'><em>Ρ</em></span> <span class='ocrx_word' id='word_1_170' title='bbox 551 1408 651 1446; x_wconf 82' lang='lat' dir='ltr'><strong>quae,</strong></span> <span class='ocrx_word' id='word_1_171' title='bbox 672 1394 703 1431; x_wconf 90' lang='lat' dir='ltr'><strong>si</strong></span> <span class='ocrx_word' id='word_1_172' title='bbox 723 1394 857 1444; x_wconf 86' lang='lat' dir='ltr'><strong>viginti</strong></span> <span class='ocrx_word' id='word_1_173' title='bbox 877 1394 1065 1446; x_wconf 69' lang='lat' dir='ltr'><strong>quiessem</strong></span> <span class='ocrx_word' id='word_1_174' title='bbox 1086 1394 1178 1441; x_wconf 88' lang='lat' dir='ltr'><strong>dies,</strong></span> <span class='ocrx_word' id='word_1_175' title='bbox 1199 1394 1238 1431; x_wconf 89' lang='lat' dir='ltr'><strong>in</strong></span> <span class='ocrx_word' id='word_1_176' title='bbox 1261 1394 1354 1432; x_wconf 89' lang='lat' dir='ltr'><strong>alio-</strong></span> 
     </span>
     <span class='ocr_line' id='line_1_25' title="bbox 237 1447 1353 1498; baseline -0.001 -12"><span class='ocrx_word' id='word_1_177' title='bbox 237 1462 325 1486; x_wconf 86' lang='lat' dir='ltr'><strong>rum</strong></span> <span class='ocrx_word' id='word_1_178' title='bbox 343 1449 526 1498; x_wconf 77' lang='lat' dir='ltr'><strong>jugulum</strong></span> <span class='ocrx_word' id='word_1_179' title='bbox 546 1448 745 1486; x_wconf 90' lang='lat' dir='ltr'><strong>consulum</strong></span> <span class='ocrx_word' id='word_1_180' title='bbox 766 1448 992 1486; x_wconf 85' lang='lat' dir='ltr'><strong>recidissent.</strong></span> <span class='ocrx_word' id='word_1_181' title='bbox 1023 1447 1301 1496; x_wconf 87' lang='lat' dir='ltr'><strong>Quamobrem,</strong></span> <span class='ocrx_word' id='word_1_182' title='bbox 1322 1448 1353 1486; x_wconf 89' lang='lat' dir='ltr'><strong>si</strong></span> 
     </span>
     <span class='ocr_line' id='line_1_26' title="bbox 239 1501 1353 1553; baseline -0.002 -12"><span class='ocrx_word' id='word_1_183' title='bbox 239 1503 326 1541; x_wconf 83' lang='lat' dir='ltr'><strong>vitae</strong></span> <span class='ocrx_word' id='word_1_184' title='bbox 352 1501 536 1552; x_wconf 84' lang='lat' dir='ltr'><strong>cupiditas</strong></span> <span class='ocrx_word' id='word_1_185' title='bbox 555 1508 685 1540; x_wconf 87' lang='lat' dir='ltr'><strong>contra</strong></span> <span class='ocrx_word' id='word_1_186' title='bbox 707 1513 788 1539; x_wconf 90' lang='lat' dir='ltr'><strong>rem</strong></span> <span class='ocrx_word' id='word_1_187' title='bbox 810 1502 1004 1553; x_wconf 89' lang='lat' dir='ltr'><strong>publicam</strong></span> <span class='ocrx_word' id='word_1_188' title='bbox 1023 1508 1078 1540; x_wconf 88' lang='lat' dir='ltr'><strong>est</strong></span> <span class='ocrx_word' id='word_1_189' title='bbox 1103 1501 1239 1552; x_wconf 80' lang='lat' dir='ltr'><strong>turpis,</strong></span> <span class='ocrx_word' id='word_1_190' title='bbox 1255 1509 1353 1540; x_wconf 86' lang='lat' dir='ltr'><strong>certe</strong></span> 
     </span>
     <span class='ocr_line' id='line_1_27' title="bbox 238 1555 1354 1607; baseline -0.002 -13"><span class='ocrx_word' id='word_1_191' title='bbox 238 1556 362 1594; x_wconf 86' lang='lat' dir='ltr'><strong>multo</strong></span> <span class='ocrx_word' id='word_1_192' title='bbox 381 1556 513 1593; x_wconf 75' lang='lat' dir='ltr'><strong>mortis</strong></span> <span class='ocrx_word' id='word_1_193' title='bbox 531 1555 718 1607; x_wconf 78' lang='lat' dir='ltr'><strong>cupiditas</strong></span> <span class='ocrx_word' id='word_1_194' title='bbox 736 1567 822 1593; x_wconf 87' lang='lat' dir='ltr'><strong>mea</strong></span> <span class='ocrx_word' id='word_1_195' title='bbox 840 1556 986 1607; x_wconf 88' lang='lat' dir='ltr'><strong>turpior</strong></span> <span class='ocrx_word' id='word_1_196' title='bbox 1010 1555 1142 1595; x_wconf 74' lang='lat' dir='ltr'><strong>fuisset</strong></span> <span class='ocrx_word' id='word_1_197' title='bbox 1160 1567 1248 1594; x_wconf 86' lang='lat' dir='ltr'><strong>cum</strong></span> <span class='ocrx_word' id='word_1_198' title='bbox 1267 1568 1354 1606; x_wconf 91' lang='lat' dir='ltr'><strong>per-</strong></span> 
     </span>
     <span class='ocr_line' id='line_1_28' title="bbox 238 1609 523 1648; baseline -0.007 0"><span class='ocrx_word' id='word_1_199' title='bbox 238 1610 334 1648; x_wconf 80' lang='lat' dir='ltr'><strong>nicie</strong></span> <span class='ocrx_word' id='word_1_200' title='bbox 353 1609 523 1648; x_wconf 84' lang='lat' dir='ltr'><strong>civitatis.</strong></span> 
     </span>
    </p>

    <p class='ocr_par' dir='ltr' id='par_1_4' title="bbox 237 1663 1354 2253">
     <span class='ocr_line' id='line_1_29' title="bbox 292 1663 1349 1715; baseline -0.001 -13"><span class='ocrx_word' id='word_1_201' title='bbox 292 1663 544 1702; x_wconf 85' lang='lat' dir='ltr'>XXXVIII.</span> <span class='ocrx_word' id='word_1_202' title='bbox 575 1663 695 1710; x_wconf 86' lang='lat' dir='ltr'><strong>Nam,</strong></span> <span class='ocrx_word' id='word_1_203' title='bbox 725 1664 828 1714; x_wconf 90' lang='lat' dir='ltr'><strong>quod</strong></span> <span class='ocrx_word' id='word_1_204' title='bbox 847 1670 884 1702; x_wconf 90' lang='lat' dir='ltr'><strong>te</strong></span> <span class='ocrx_word' id='word_1_205' title='bbox 906 1663 945 1701; x_wconf 86' lang='lat' dir='ltr'><strong>in</strong></span> <span class='ocrx_word' id='word_1_206' title='bbox 972 1663 1166 1715; x_wconf 58' lang='lat' dir='ltr'><strong>republica</strong></span> <span class='ocrx_word' id='word_1_207' title='bbox 1184 1663 1349 1702; x_wconf 87' lang='lat' dir='ltr'><strong>liberum</strong></span> 
     </span>
     <span class='ocr_line' id='line_1_30' title="bbox 239 1717 1351 1768; baseline -0.002 -11"><span class='ocrx_word' id='word_1_208' title='bbox 239 1730 319 1757; x_wconf 90' lang='lat' dir='ltr'><strong>esse</strong></span> <span class='ocrx_word' id='word_1_209' title='bbox 349 1717 531 1768; x_wconf 85' lang='lat' dir='ltr'><strong>gloriatus</strong></span> <span class='ocrx_word' id='word_1_210' title='bbox 561 1730 614 1765; x_wconf 80' lang='lat' dir='ltr'><strong>eS,</strong></span> <span class='ocrx_word' id='word_1_211' title='bbox 648 1718 688 1755; x_wconf 93' lang='lat' dir='ltr'><strong>id</strong></span> <span class='ocrx_word' id='word_1_212' title='bbox 711 1730 781 1768; x_wconf 88' lang='lat' dir='ltr'><strong>ego</strong></span> <span class='ocrx_word' id='word_1_213' title='bbox 806 1726 842 1756; x_wconf 90' lang='lat' dir='ltr'><strong>et</strong></span> <span class='ocrx_word' id='word_1_214' title='bbox 871 1718 990 1756; x_wconf 86' lang='lat' dir='ltr'><strong>fateor</strong></span> <span class='ocrx_word' id='word_1_215' title='bbox 1009 1725 1046 1756; x_wconf 92' lang='lat' dir='ltr'><strong>et</strong></span> <span class='ocrx_word' id='word_1_216' title='bbox 1063 1718 1196 1762; x_wconf 79' lang='lat' dir='ltr'><strong>laetor3</strong></span> <span class='ocrx_word' id='word_1_217' title='bbox 1227 1723 1264 1756; x_wconf 90' lang='lat' dir='ltr'><strong>et</strong></span> <span class='ocrx_word' id='word_1_218' title='bbox 1282 1717 1351 1755; x_wconf 81' lang='lat' dir='ltr'><strong>tibi</strong></span> 
     </span>
     <span class='ocr_line' id='line_1_31' title="bbox 237 1770 1354 1823; baseline -0.003 -12"><span class='ocrx_word' id='word_1_219' title='bbox 237 1772 353 1811; x_wconf 87' lang='lat' dir='ltr'><strong>ctiam</strong></span> <span class='ocrx_word' id='word_1_220' title='bbox 370 1771 411 1808; x_wconf 91' lang='lat' dir='ltr'><strong>in</strong></span> <span class='ocrx_word' id='word_1_221' title='bbox 429 1771 500 1809; x_wconf 79' lang='lat' dir='ltr'><strong>hoc</strong></span> <span class='ocrx_word' id='word_1_222' title='bbox 517 1772 710 1821; x_wconf 83' lang='lat' dir='ltr'><strong>gratulor:</strong></span> <span class='ocrx_word' id='word_1_223' title='bbox 742 1772 845 1823; x_wconf 88' lang='lat' dir='ltr'><strong>quod</strong></span> <span class='ocrx_word' id='word_1_224' title='bbox 863 1785 926 1810; x_wconf 90' lang='lat' dir='ltr'><strong>me</strong></span> <span class='ocrx_word' id='word_1_225' title='bbox 937 1779 1065 1810; x_wconf 86' lang='lat' dir='ltr'><strong>autem</strong></span> <span class='ocrx_word' id='word_1_226' title='bbox 1078 1771 1239 1822; x_wconf 60' lang='lat' dir='ltr'><strong>negasti,</strong></span> <span class='ocrx_word' id='word_1_227' title='bbox 1251 1770 1292 1808; x_wconf 91' lang='lat' dir='ltr'><strong>in</strong></span> <span class='ocrx_word' id='word_1_228' title='bbox 1307 1783 1354 1809; x_wconf 80' lang='lat' dir='ltr'><strong>eo</strong></span> 
     </span>
     <span class='ocr_line' id='line_1_32' title="bbox 238 1825 1351 1877; baseline -0.002 -13"><span class='ocrx_word' id='word_1_229' title='bbox 238 1838 362 1877; x_wconf 82' lang='lat' dir='ltr'><strong>neque</strong></span> <span class='ocrx_word' id='word_1_230' title='bbox 399 1832 436 1862; x_wconf 91' lang='lat' dir='ltr'><strong>te</strong></span> <span class='ocrx_word' id='word_1_231' title='bbox 472 1837 596 1876; x_wconf 89' lang='lat' dir='ltr'><strong>neque</strong></span> <span class='ocrx_word' id='word_1_232' title='bbox 629 1838 865 1877; x_wconf 86' lang='lat' dir='ltr'><strong>quemquam</strong></span> <span class='ocrx_word' id='word_1_233' title='bbox 897 1826 1041 1864; x_wconf 89' lang='lat' dir='ltr'><strong>diutius</strong></span> <span class='ocrx_word' id='word_1_234' title='bbox 1070 1825 1194 1877; x_wconf 88' lang='lat' dir='ltr'><strong>patiar</strong></span> <span class='ocrx_word' id='word_1_235' title='bbox 1217 1837 1351 1863; x_wconf 86' lang='lat' dir='ltr'><strong>errare.</strong></span> 
     </span>
     <span class='ocr_line' id='line_1_33' title="bbox 240 1878 1353 1930; baseline -0.003 -12"><span class='ocrx_word' id='word_1_236' title='bbox 240 1881 362 1927; x_wconf 86' lang='lat' dir='ltr'><strong>Nam,</strong></span> <span class='ocrx_word' id='word_1_237' title='bbox 388 1878 420 1917; x_wconf 91' lang='lat' dir='ltr'><strong>si</strong></span> <span class='ocrx_word' id='word_1_238' title='bbox 438 1879 523 1930; x_wconf 92' lang='lat' dir='ltr'><strong>quis</strong></span> <span class='ocrx_word' id='word_1_239' title='bbox 541 1878 678 1916; x_wconf 84' lang='lat' dir='ltr'><strong>idcirco</strong></span> <span class='ocrx_word' id='word_1_240' title='bbox 696 1879 842 1930; x_wconf 84' lang='lat' dir='ltr'><strong>aliquid</strong></span> <span class='ocrx_word' id='word_1_241' title='bbox 867 1879 914 1917; x_wconf 86' lang='lat' dir='ltr'><strong>de</strong></span> <span class='ocrx_word' id='word_1_242' title='bbox 932 1880 1103 1918; x_wconf 84' lang='lat' dir='ltr'><strong>libertate</strong></span> <span class='ocrx_word' id='word_1_243' title='bbox 1120 1878 1207 1916; x_wconf 60' lang='lat' dir='ltr'><strong>mea</strong></span> <span class='ocrx_word' id='word_1_244' title='bbox 1231 1878 1353 1916; x_wconf 88' lang='lat' dir='ltr'><strong>demi-</strong></span> 
     </span>
     <span class='ocr_line' id='line_1_34' title="bbox 241 1932 1352 1984; baseline -0.002 -13"><span class='ocrx_word' id='word_1_245' title='bbox 241 1942 380 1972; x_wconf 86' lang='lat' dir='ltr'><strong>nutum</strong></span> <span class='ocrx_word' id='word_1_246' title='bbox 398 1939 522 1983; x_wconf 80' lang='lat' dir='ltr'><strong>putat,</strong></span> <span class='ocrx_word' id='word_1_247' title='bbox 536 1932 639 1983; x_wconf 87' lang='lat' dir='ltr'><strong>quod</strong></span> <span class='ocrx_word' id='word_1_248' title='bbox 651 1945 727 1970; x_wconf 84' lang='lat' dir='ltr'><strong>non</strong></span> <span class='ocrx_word' id='word_1_249' title='bbox 746 1935 794 1971; x_wconf 84' lang='lat' dir='ltr'><strong>ab</strong></span> <span class='ocrx_word' id='word_1_250' title='bbox 813 1934 992 1972; x_wconf 87' lang='lat' dir='ltr'><strong>omnibus</strong></span> <span class='ocrx_word' id='word_1_251' title='bbox 1007 1932 1161 1980; x_wconf 87' lang='lat' dir='ltr'><strong>eisdem,</strong></span> <span class='ocrx_word' id='word_1_252' title='bbox 1175 1945 1198 1970; x_wconf 88' lang='lat' dir='ltr'><strong>a</strong></span> <span class='ocrx_word' id='word_1_253' title='bbox 1212 1932 1352 1984; x_wconf 92' lang='lat' dir='ltr'><strong>quibus</strong></span> 
     </span>
     <span class='ocr_line' id='line_1_35' title="bbox 242 1985 1352 2038; baseline -0.004 -12"><span class='ocrx_word' id='word_1_254' title='bbox 242 1995 353 2026; x_wconf 72' lang='lat' dir='ltr'><strong>antea</strong></span> <span class='ocrx_word' id='word_1_255' title='bbox 371 1986 501 2024; x_wconf 87' lang='lat' dir='ltr'><strong>solitus</strong></span> <span class='ocrx_word' id='word_1_256' title='bbox 520 1998 606 2024; x_wconf 87' lang='lat' dir='ltr'><strong>sum</strong></span> <span class='ocrx_word' id='word_1_257' title='bbox 621 1986 831 2035; x_wconf 83' lang='lat' dir='ltr'><strong>dissentire,</strong></span> <span class='ocrx_word' id='word_1_258' title='bbox 847 1987 1092 2033; x_wconf 79' lang='lat' dir='ltr'><strong>dissentiam3</strong></span> <span class='ocrx_word' id='word_1_259' title='bbox 1121 1986 1307 2038; x_wconf 85' lang='lat' dir='ltr'><strong>primum,</strong></span> <span class='ocrx_word' id='word_1_260' title='bbox 1321 1985 1352 2023; x_wconf 92' lang='lat' dir='ltr'><strong>si</strong></span> 
     </span>
     <span class='ocr_line' id='line_1_36' title="bbox 238 2039 1354 2092; baseline -0.003 -13"><span class='ocrx_word' id='word_1_261' title='bbox 238 2044 334 2079; x_wconf 84' lang='lat' dir='ltr'><strong>bene</strong></span> <span class='ocrx_word' id='word_1_262' title='bbox 346 2041 393 2078; x_wconf 92' lang='lat' dir='ltr'><strong>de</strong></span> <span class='ocrx_word' id='word_1_263' title='bbox 406 2053 468 2078; x_wconf 86' lang='lat' dir='ltr'><strong>me</strong></span> <span class='ocrx_word' id='word_1_264' title='bbox 479 2040 622 2078; x_wconf 89' lang='lat' dir='ltr'><strong>meritis</strong></span> <span class='ocrx_word' id='word_1_265' title='bbox 639 2048 793 2090; x_wconf 82' lang='lat' dir='ltr'><strong>gratum</strong></span> <span class='ocrx_word' id='word_1_266' title='bbox 807 2053 870 2079; x_wconf 88' lang='lat' dir='ltr'><strong>me</strong></span> <span class='ocrx_word' id='word_1_267' title='bbox 887 2043 1051 2092; x_wconf 88' lang='lat' dir='ltr'><strong>praebeo,</strong></span> <span class='ocrx_word' id='word_1_268' title='bbox 1064 2053 1141 2078; x_wconf 91' lang='lat' dir='ltr'><strong>non</strong></span> <span class='ocrx_word' id='word_1_269' title='bbox 1153 2039 1282 2078; x_wconf 81' lang='lat' dir='ltr'><strong>desino</strong></span> <span class='ocrx_word' id='word_1_270' title='bbox 1295 2039 1354 2076; x_wconf 87' lang='lat' dir='ltr'><strong>in-</strong></span> 
     </span>
     <span class='ocr_line' id='line_1_37' title="bbox 239 2093 1354 2141; baseline -0.003 -8"><span class='ocrx_word' id='word_1_271' title='bbox 239 2108 385 2133; x_wconf 86' lang='lat' dir='ltr'><strong>currere</strong></span> <span class='ocrx_word' id='word_1_272' title='bbox 402 2094 441 2131; x_wconf 89' lang='lat' dir='ltr'><strong>in</strong></span> <span class='ocrx_word' id='word_1_273' title='bbox 455 2094 595 2132; x_wconf 86' lang='lat' dir='ltr'><strong>crimen</strong></span> <span class='ocrx_word' id='word_1_274' title='bbox 607 2094 773 2132; x_wconf 85' lang='lat' dir='ltr'><strong>hominis</strong></span> <span class='ocrx_word' id='word_1_275' title='bbox 786 2095 950 2133; x_wconf 89' lang='lat' dir='ltr'><strong>nimium</strong></span> <span class='ocrx_word' id='word_1_276' title='bbox 965 2094 1158 2141; x_wconf 88' lang='lat' dir='ltr'><strong>memoris,</strong></span> <span class='ocrx_word' id='word_1_277' title='bbox 1171 2093 1354 2131; x_wconf 87' lang='lat' dir='ltr'><strong>nimium-</strong></span> 
     </span>
     <span class='ocr_line' id='line_1_38' title="bbox 237 2147 1354 2200; baseline -0.003 -13"><span class='ocrx_word' id='word_1_278' title='bbox 237 2163 312 2199; x_wconf 85' lang='lat' dir='ltr'><strong>que</strong></span> <span class='ocrx_word' id='word_1_279' title='bbox 331 2148 427 2199; x_wconf 85' lang='lat' dir='ltr'><strong>grati</strong></span> <span class='ocrx_word' id='word_1_280' title='bbox 441 2162 453 2191; x_wconf 84' lang='lat'>;</span> <span class='ocrx_word' id='word_1_281' title='bbox 483 2148 539 2186; x_wconf 86' lang='lat' dir='ltr'><strong>sin</strong></span> <span class='ocrx_word' id='word_1_282' title='bbox 553 2155 696 2196; x_wconf 87' lang='lat' dir='ltr'><strong>autem,</strong></span> <span class='ocrx_word' id='word_1_283' title='bbox 710 2147 789 2186; x_wconf 89' lang='lat' dir='ltr'><strong>sine</strong></span> <span class='ocrx_word' id='word_1_284' title='bbox 800 2149 880 2187; x_wconf 91' lang='lat' dir='ltr'><strong>ullo</strong></span> <span class='ocrx_word' id='word_1_285' title='bbox 887 2148 1104 2200; x_wconf 85' lang='lat' dir='ltr'><strong>reipublicae</strong></span> <span class='ocrx_word' id='word_1_286' title='bbox 1115 2147 1354 2191; x_wconf 81' lang='lat' dir='ltr'><strong>detrimento,</strong></span> 
     </span>
     <span class='ocr_line' id='line_1_39' title="bbox 240 2201 1353 2253; baseline -0.003 -13"><span class='ocrx_word' id='word_1_287' title='bbox 240 2203 394 2253; x_wconf 75' lang='lat' dir='ltr'><strong>respicio</strong></span> <span class='ocrx_word' id='word_1_288' title='bbox 407 2202 520 2242; x_wconf 81' lang='lat' dir='ltr'><strong>etiam</strong></span> <span class='ocrx_word' id='word_1_289' title='bbox 533 2201 736 2253; x_wconf 79' lang='lat' dir='ltr'><strong>aliquando</strong></span> <span class='ocrx_word' id='word_1_290' title='bbox 749 2203 1006 2244; x_wconf 86' lang='lat' dir='ltr'><strong>salutemtum</strong></span> <span class='ocrx_word' id='word_1_291' title='bbox 1018 2215 1160 2251; x_wconf 86' lang='lat' dir='ltr'><strong>meam,</strong></span> <span class='ocrx_word' id='word_1_292' title='bbox 1175 2208 1259 2242; x_wconf 86' lang='lat' dir='ltr'><strong>tum</strong></span> <span class='ocrx_word' id='word_1_293' title='bbox 1272 2212 1353 2238; x_wconf 85' lang='lat' dir='ltr'><strong>me-</strong></span> 
     </span>
    </p>
   </div>
  </div>
 </body>
</html>
