1455 2343
202 87 282 126 ‘255
438 90 550 129 PRO
584 89 853 128 PLANCIO.
886 92 994 129 CAV.
1026 90 1089 129 423.

209 209 273 235 me
292 209 368 235 non
388 198 577 244 recedens,
595 197 906 237 Thessalonicam
922 211 998 244 me,
1014 199 1054 236 in
1067 198 1333 250 quaestorium·

212 264 302 301 que,
323 251 530 302 perduxit!
564 251 644 290 Hic
656 265 725 303 ego
739 264 841 291 nunc
856 252 903 290 de
922 260 1082 303 praetore
1094 252 1332 291 Macedoniae

214 304 312 342 nihil
331 305 456 344 dicam
475 306 656 358 amplius,
677 306 764 353 nisi,
797 318 885 344 eum
915 313 952 344 et
985 306 1106 345 civem
1138 306 1332 367 optimum

214 371 377 410 semper,
399 366 436 398 et
453 360 550 398 mihi
568 359 735 398 amicum
750 360 890 405 fuisse3
922 360 987 398 sed
1001 360 1135 399 eadem
1145 359 1345 406 timuisse,.’

214 426 302 464 quae
320 421 498 452 caeteros:
533 413 605 452 Cn.
627 413 832 452 Plancium
850 413 966 452 fuisse
988 426 1126 461 unum,
1147 425 1240 462 non,
1264 413 1333 466 qui

214 467 344 505 minus
362 467 526 516 timeret,
548 468 626 516 sed,
643 467 674 505 si
693 467 902 505 acciderent
921 481 964 505 ea
983 481 1072 519 quae
1091 467 1332 515 timerentur,

215 533 368 559 mecum
388 534 432 559 ea
450 521 575 560 subire
595 529 631 559 et
648 521 795 573 perpeti
814 521 937 559 vellet.
973 522 1072 570 Qui,
1092 534 1182 560 cum
1201 522 1251 560 ad
1269 533 1333 559 me

216 574 265 612 L.
286 574 458 623 Tubero,
474 588 583 613 meus
601 575 844 621 necessarius,
861 575 929 625 qui
946 575 1055 613 fratri
1074 588 1160 614 meo
1185 575 1334 626 legatus

214 628 363 676 fuisset,
395 628 578 667 decedens
604 641 650 667 ex
674 628 772 666 Asia
790 628 965 676 venisset,
996 641 1136 679 easque
1160 628 1333 675 insidias,

216 695 314 734 quas
333 682 430 720 mihi
448 690 597 743 paratas
616 684 664 720 ab
684 682 880 721 exsulibus
911 682 1116 731 conjuratis
1147 682 1333 730 audierat,

217 736 346 774 animo
359 736 587 774 amicissimo
599 736 819 781 detulisset3
848 735 889 773 in
902 736 1040 774 Asiam
1054 748 1118 774 me
1131 736 1186 774 ire
1205 739 1338 796 (prop-

218 797 275 828 ter
294 791 327 839 ej
334 803 376 828 us
395 790 599 842 provinciae
616 802 769 828 mecum
789 797 826 828 et
845 802 935 828 cum
945 802 1032 828 meo
1042 788 1160 828 fratre
1178 789 1338 829 necessi-

219 844 411 890 tudinem)
431 851 729 895 comparantem,
750 856 828 882 non
857 850 914 882 est
931 856 1091 895 passus:
1122 843 1161 882 vi
1178 856 1257 891 me,
1276 843 1337 881 in-

217 911 351 948 quam,
374 898 568 946 Plancius,
590 905 627 935 et
646 898 848 949 complexu
867 910 950 945 suo,
965 897 1147 943 retinuit3
1176 898 1339 936 multos-

218 965 295 1003 que
313 964 461 990 menses
480 965 502 990 a
521 952 643 1003 capite
656 964 743 990 meo
762 964 839 989 non
857 951 1040 1000 discessit,
1060 951 1208 1001 abjecta
1233 965 1339 1004 quae-

218 1006 337 1044 storia
350 1006 526 1057 persona,
547 1006 772 1057 comitisque
792 1007 931 1044 sumta.

275 1060 418 1098 XLII.
450 1060 488 1098 O
508 1059 686 1098 excubias
705 1066 804 1107 tuas,
832 1060 904 1098 Cn.
929 1059 1077 1108 Planci,
1101 1059 1283 1098 miseras!
1314 1073 1337 1098 ο

220 1114 365 1153 flebiles
380 1114 527 1175 yigilias
543 1114 552 1151 !
583 1127 606 1152 o
620 1121 746 1152 noctes
762 1115 913 1152 acerbas
929 1115 938 1152 Ξ
962 1127 985 1152 ο
999 1114 1210 1152 custodiam
1223 1113 1337 1152 etiam

220 1168 298 1206 mei
310 1168 441 1219 capitis
452 1167 662 1206 infelicem!
682 1181 712 1206 Sl
701 1167 876 1219 quidem
888 1180 958 1218 ego
964 1167 1034 1207 tibi
1042 1168 1150 1206 vivus
1162 1179 1239 1205 non
1251 1180 1339 1218 pro-

222 1235 323 1269 sum,
330 1222 405 1283 ‘qui
416 1222 571 1260 fortasse
583 1229 757 1259 mortuus
770 1222 1008 1273 profuissem.
1039 1221 1208 1260 Memini
1220 1221 1336 1270 enim,

222 1276 396 1322 memini,
418 1288 542 1327 neque
560 1288 732 1326 unquam
752 1276 950 1314 obliviscar
967 1276 1088 1313 noctis
1115 1275 1253 1323 illius,
1248 1288 1336 1313 cum

185 1356 191 1359 -
222 1330 292 1368 tibi
306 1330 494 1380 vigilanti,
514 1330 706 1377 assidenti,
727 1329 912 1376 moerenti,
927 1341 1024 1367 vana
1035 1328 1212 1380 quaedam
1225 1329 1342 1367 miser

221 1391 337 1435 atque
362 1383 504 1429 inania,
524 1383 622 1420 falsa
652 1396 717 1433 spe
735 1382 927 1430 inductus,
952 1383 1180 1434 pollicebar:
1211 1395 1287 1429 me,
1309 1383 1339 1421 si

222 1450 342 1475 essem
361 1437 401 1474 in
420 1436 584 1487 patriam
604 1437 813 1482 restitutus,
833 1444 1073 1487 praesentem,
1088 1435 1158 1475 tibi
1175 1437 1339 1487 gratiam

223 1492 434 1529 relaturum
449 1505 458 1528 :
491 1491 548 1528 sin
564 1497 693 1528 autem
709 1490 826 1529 vitam
845 1490 942 1527 mihi
953 1503 1031 1529 sors
1045 1490 1260 1538 ademisset,
1274 1499 1342 1529 aut

224 1545 280 1583 vis
299 1544 429 1595 aliqua
447 1545 569 1594 major
587 1545 752 1582 reditum
772 1544 1014 1595 peremisset3
1044 1544 1126 1592 hos,
1142 1544 1212 1582 hos
1228 1548 1341 1595 (quos

223 1598 327 1636 enim
346 1611 415 1648 ego
435 1606 520 1636 tum
539 1598 631 1636 alios
651 1598 780 1635 animo
798 1598 974 1636 intuebar
987 1600 1023 1645 Ρ)
1049 1598 1180 1635 onmia
1206 1598 1276 1636 tibi
1295 1598 1342 1636 il-

221 1653 350 1690 lorum
367 1653 543 1690 laborum
562 1653 721 1703 praemia
738 1664 807 1703 pro
836 1663 899 1690 me
925 1652 1193 1702 persoluturos.
1233 1651 1344 1700 Quid

222 1719 287 1744 me
318 1706 542 1756 adspectas?
584 1705 678 1757 quid
709 1718 795 1743 mea
824 1706 1010 1756 promissa
1039 1705 1207 1757 repetis?
1248 1706 1342 1757 quid

223 1772 348 1798 meam
380 1759 496 1797 fidem
526 1759 735 1810 imploras?
765 1759 862 1797 nihil
880 1759 951 1797 tibi
981 1771 1050 1810 ego
1076 1766 1162 1797 tum
1181 1758 1228 1797 de
1246 1760 1342 1799 meis

221 1814 360 1866 opibus
374 1813 593 1864 pollicebar,
610 1813 675 1851 sed
689 1813 736 1852 de
750 1813 888 1851 horum
902 1826 992 1864 erga
1004 1825 1068 1851 me
1078 1812 1343 1852 benevolentia

221 1867 519 1919 promittebam:
550 1866 619 1905 hos
637 1880 706 1918 pro
736 1880 799 1905 me
816 1867 962 1917 lugere,
989 1866 1058 1905 hos
1076 1879 1240 1917 gemere,
1271 1867 1342 1906 hos

221 1922 411 1960 decertare
429 1934 498 1972 pro
517 1933 603 1959 meo
622 1920 756 1971 capite,
774 1921 834 1959 vel
849 1921 937 1958 vitae
950 1920 1120 1972 periculo
1131 1920 1228 1959 velle
1239 1920 1342 1959 vide-

221 1977 336 2014 bam:
368 1975 414 2012 de
434 1987 567 2012 eorum
587 1974 784 2022 desiderio,
812 1975 935 2022 luctu,
967 1974 1144 2026 querelis,
1172 1973 1342 2026 quotidie

220 2029 369 2081 aliquid
381 2036 508 2067 tecum
527 2028 643 2066 simul
662 2028 863 2067 audiebam
879 2043 889 2066 z
921 2040 1024 2066 nunc
1039 2028 1168 2075 timeo,
1184 2039 1232 2065 ne
1244 2027 1340 2067 nihil

218 2083 302 2131 tibi,
316 2090 451 2134 praeter
468 2083 668 2132 lacrymas,
688 2095 827 2134 queam
842 2081 1011 2131 reddere,
1027 2095 1122 2133 quas
1135 2088 1177 2119 tu
1192 2081 1231 2119 in
1246 2081 1340 2121 meis

219 2136 488 2176 acerbitatibus
508 2135 692 2187 plurimas
713 2136 894 2174 effudisti.

272 2190 379 2239 Quid
399 2190 500 2230 enim
519 2203 675 2242 possum
691 2189 809 2240 aliud,
831 2190 906 2230 nisi
924 2192 1108 2230 moererc?
1129 2189 1201 2230 nisi
1220 2188 1307 2228 flere
1319 2191 1337 2227 ?
