1389 2339
374 104 485 144 PRO
514 104 715 143 COELIO.
745 105 848 143 CAP.
869 106 906 142 3.
1105 106 1184 149 347

85 217 221 262 posset,
241 211 286 257 si,
300 223 374 248 non
392 209 506 248 modo
523 211 682 260 parenti,
710 210 776 247 tali
806 211 897 258 viro,
918 223 1049 249 verum
1068 211 1182 250 etiam

83 264 288 315 municipio
307 272 386 302 tam
403 263 540 301 illustri
558 277 600 301 ac
619 273 697 301 tam
716 263 834 314 gravi,
855 264 1074 315 displiceret.

135 318 215 355 111.
245 316 450 367 Equidem,
470 324 513 354 ut
532 316 579 354 ad
598 329 659 354 me
677 324 852 362 revertar,
873 319 920 355 ab
940 318 997 355 his
1016 318 1182 356 fontibus

79 370 242 422 profluxi
266 370 314 407 ad
338 370 538 407 hominum
559 370 728 414 fanianu
759 377 794 407 et
821 382 927 408 meus
945 371 1006 408 hic
1024 371 1180 409 forensis

76 423 182 462 labor
217 423 377 474 vitaeque
412 423 506 460 ratio
538 422 745 460 dimanavit
782 422 829 459 ad
867 424 1181 461 existimationem

76 476 276 515 hominum
312 476 426 528 paulo
454 475 566 514 latius
602 475 924 515 commendatione
962 489 1004 514 ac
1036 477 1178 526 judicio

75 542 260 568 meorum.

129 583 248 630 Nam,
279 582 381 633 quod
410 583 597 630 objectum
629 589 684 620 est
708 582 754 620 de
779 583 969 634 pudicitia,
1001 583 1178 635 quodque

73 635 246 674 omnium
275 642 546 683 accusatorum,
574 648 648 672 non
673 636 906 684 criminibus,
933 636 997 674 sed
1026 638 1178 675 vocibus

73 689 355 739 maledictisque
404 689 632 726 celebratum
680 696 748 735 est,
786 689 825 726 id
862 702 1058 740 nunquam
1096 698 1174 728 tam

71 743 202 780 acerbe
220 742 312 779 feret
337 741 397 778 M.
419 741 573 788 Coelius,
594 749 637 778 ut
656 754 743 778 eum
762 742 938 792 poeniteat
957 755 1031 779 non
1051 743 1173 780 defor-

69 807 172 832 mem
192 807 269 832 esse
295 802 441 831 natum.
485 795 583 832 Sunt
610 794 747 831 etenim
776 796 848 832 ista
874 796 1072 833 maledicta
1089 809 1174 847 per-

69 849 223 898 vulgata
249 848 289 884 in
317 859 459 893 omncs,
481 859 642 898 quorum
668 847 706 884 in
736 848 981 886 adolescentia
999 849 1120 886 forma
1139 857 1175 887 et

67 902 206 952 species
223 901 297 938 fuit
314 901 488 938 liberalis.
519 900 593 938 Sed
611 900 714 937 aliud
740 908 794 938 est
815 902 1048 949 maledicere,
1069 903 1173 940 aliud.

65 966 250 992 accusare.
289 953 492 992 Accusatio
518 953 657 991 crimen
686 953 882 1000 desiderat,
903 967 983 992 rem
1011 962 1055 992 ut
1082 955 1173 993 defi-

65 1007 159 1054 niat,
178 1007 372 1044 hominem
387 1014 430 1044 ut
443 1013 559 1052 notet,
576 1014 798 1056 argumento
813 1009 957 1058 probet,
979 1015 1072 1045 teste
1083 1021 1173 1046 con-

64 1059 212 1098 firmet:
243 1059 455 1098 maledictio
465 1066 592 1096 autem
606 1059 700 1096 nihil
714 1060 826 1097 habet
838 1060 1031 1110 propositi,
1041 1069 1174 1112 praeter

62 1113 358 1157 contumeliam3
388 1126 474 1163 quae
492 1112 524 1148 si
551 1112 781 1162 petulantius
806 1114 981 1161 jactatur,
1012 1114 1171 1153 convici-

62 1178 153 1211 um3
175 1166 205 1204 si
223 1166 391 1213 facetius,
412 1165 604 1203 urbanitas
622 1166 850 1203 nominatur.

117 1219 247 1266 Quam
267 1219 422 1270 quidem
441 1226 582 1279 partem
597 1219 851 1266 accusationis,
866 1219 1071 1258 admiratus
1084 1233 1168 1258 sum

62 1278 100 1310 et
131 1273 285 1310 moleste
318 1272 402 1318 tuli,
433 1272 672 1322 potissimum
703 1285 779 1309 esse
803 1273 982 1310 Atratino
1012 1273 1163 1311 datam:

60 1337 184 1376 neque
195 1325 294 1363 enim
307 1325 474 1372 decebat,
490 1337 612 1375 neque
624 1333 712 1362 aetas
724 1325 790 1362 illa
803 1326 1030 1376 postulabat,
1044 1339 1167 1378 neque

59 1378 137 1439 (id,
152 1378 255 1429 quod.
273 1377 568 1415 animadvertere
595 1377 788 1428 poteratis)
813 1378 935 1429 pudor
951 1379 1164 1429 patiebatur

59 1431 195 1482 optimi
225 1430 480 1478 adolescentis,
512 1430 551 1467 in
580 1431 646 1468 tali
677 1431 788 1468 illum
819 1431 983 1469 oratione
1016 1433 1165 1470 versari.

57 1484 210 1523 Vellem
238 1485 374 1536 aliquis
407 1497 454 1522 ex
483 1484 589 1521 vobis
618 1484 888 1522 robustioribus
916 1485 1018 1522 hunc
1048 1486 1165 1523 male-

55 1536 205 1575 ‘dicendi
222 1538 348 1575 locum
367 1537 609 1588 suscepisset:
639 1537 832 1588 aliquanto
846 1538 1013 1585 liberius,
1034 1545 1070 1575 et
1088 1539 1165 1576 for-

54 1590 144 1637 tius,
161 1597 198 1628 et
215 1590 336 1641 magis
359 1602 463 1628 more
488 1597 627 1637 nostro,
647 1590 896 1628 refutaremus
915 1591 1027 1629 istam
1046 1592 1164 1630 male-

52 1642 203 1680 dicendi
229 1643 431 1681 licentiam.
470 1643 633 1689 Tecum,
659 1644 850 1691 Atratine,
882 1657 993 1694 agam
1025 1644 1161 1692 lenius,

53 1695 158 1746 quod
196 1703 233 1734 et
268 1695 392 1747 pudor
420 1702 509 1734 tuus
544 1696 761 1734 moderatur
785 1697 943 1735 orationi
975 1709 1094 1741 meae;
1125 1705 1162 1735 et

52 1760 183 1786 meum
203 1762 290 1799 erga
316 1756 353 1787 te
374 1756 643 1800 parentemque
668 1757 779 1787 tuum
806 1750 1031 1787 beneficium
1063 1751 1160 1788 tueri

49 1800 180 1839 debeo.
212 1801 316 1840 Illud
331 1808 457 1840 tamen
469 1808 507 1840 te
519 1815 596 1840 esse
608 1802 846 1840 admonitum
861 1803 968 1840 volo:
989 1803 1158 1853 primum

53 1855 175 1904 qualis
205 1868 256 1902 es,
291 1855 404 1892 talem
424 1862 461 1892 te
483 1868 560 1892 esse
588 1856 802 1901 existimes;
832 1863 889 1902 ut,
921 1862 1107 1906 quantum
1136 1870 1159 1893 a

49 1919 178 1945 rerum
192 1907 426 1958 turpitudine
444 1909 545 1955 abes,
566 1915 714 1946 tantum
730 1916 767 1946 te
785 1922 808 1946 a
826 1910 1024 1947 verborum
1043 1909 1155 1946 liber-

48 1965 128 1998 tate
143 1961 340 2011 sejungas:
371 1960 517 2008 deinde,
534 1968 577 1998 ut
593 1974 636 1999 ea
648 1961 688 1999 in
704 1962 864 1999 alterum
883 1974 931 1998 ne
943 1961 1056 2007 dicas,
1071 1975 1157 2012 quae

47 2024 139 2050 cum
170 2013 239 2050 tibi
267 2013 363 2051 falso
394 2026 571 2064 responsa
599 2014 687 2062 sint,
719 2017 924 2052 erubescas.
972 2013 1071 2060 Quis
1103 2022 1158 2052 est

51 2065 167 2114 enim,
187 2066 248 2105 cui
269 2066 330 2105 via
353 2066 424 2104 ista
441 2077 517 2104 non
534 2070 692 2118 pateat?
721 2067 787 2118 qui
813 2067 875 2104 isti
903 2067 1016 2114 aetati,
1045 2074 1158 2118 atque

50 2118 164 2156 etiam
192 2119 380 2170 dignitati,
411 2131 486 2158 non
513 2120 644 2170 possit,
672 2132 789 2172 quam
817 2120 907 2158 velit
930 2120 1156 2171 petulanter,

49 2171 161 2209 etiam
182 2172 212 2209 si
231 2172 308 2210 sine
320 2185 344 2209 υ.
333 2171 398 2210 ·11a
417 2172 639 2222 suspicione,
660 2181 698 2211 at
719 2185 797 2210 non
818 2173 896 2211 sine
915 2182 1152 2224 argumento,
