1435 2328
150 77 203 115 20
406 78 523 118 PRO
543 79 782 120 FLACCO.
812 81 917 122 CAP.
939 86 1006 124 20.

147 183 214 221 sed
232 197 355 236 usque
375 183 517 226 Tmolo
536 188 701 239 petivit?
731 189 794 228 cui
819 191 950 230 nullus
979 191 1100 232 honos
1127 192 1169 232 in
1199 195 1270 235 sua

148 237 300 277 civitate
319 238 473 278 habitus
493 250 548 279 est
567 256 765 294 unquam:
796 258 854 283 res
880 253 1009 284 autem
1030 259 1087 296 ea,
1109 261 1197 299 quae
1215 256 1271 287 te-

149 291 344 330 nuissimis
365 296 688 343 committebatur,
710 298 800 336 huic
819 299 887 335 uni
906 298 947 336 in
966 300 1045 338 vita
1070 303 1274 341 commissa

152 346 232 383 sola
258 354 324 384 est.
367 347 518 396 Custos,
542 350 591 387 T.
611 351 773 390 Aufidio
791 361 965 403 praetore,
987 353 1180 393 frumento
1198 370 1273 408 pu-

151 399 251 437 blico
272 407 327 438 est
344 402 512 451 positus:
543 417 612 454 pro
632 418 709 455 quo
729 418 818 443 cum
837 419 859 443 a
882 407 925 444 P.
948 407 1095 446 Varino
1114 418 1275 460 praetore

152 453 356 503 pecuniam
375 457 588 507 accepisset,
617 459 751 496 celavit
779 473 866 498 suos
893 461 1004 509 cives,
1033 462 1210 514 ultroque
1228 464 1275 503 ijs

153 514 326 545 sumtum
346 508 487 548 intulit.
529 511 647 558 Quod
666 520 914 564 posteaquam
934 515 1092 563 Temni,
1116 516 1233 556 literis
1252 531 1276 556 a

155 560 202 598 P.
224 561 370 600 Varino
397 563 535 611 missis,
567 566 763 615 cognitum
794 575 909 618 atque
936 569 1169 620 patefactum
1190 579 1272 618 est3

153 625 321 666 cumque
341 615 473 654 eadem
494 618 541 655 de
559 632 599 656 re
626 620 696 657 Cn.
720 620 923 670 Lentulus,
949 623 1017 673 qui
1036 636 1166 662 censor
1183 624 1274 675 fuit,

155 667 427 707 Temnitarum
446 679 644 722 patronus,
665 673 792 711 literas
811 675 998 722 misisset3
1029 676 1277 717 Heraclidem

153 721 272 759 istum
293 723 436 761 Temni
455 737 568 763 nemo
587 734 717 776 postea
736 727 841 765 vidit.
870 729 1018 780 Atque,
1039 738 1084 768 ut
1103 732 1184 781 ejus
1202 732 1278 770 im-

154 775 379 825 pudentiam
394 778 604 829 perspicere
621 780 786 830 possitis,
801 794 954 820 causam
966 783 1105 834 ipsam,
1121 799 1208 837 quae
1221 787 1278 825 le-

153 828 299 867 vissimi
311 830 476 870 hominis
488 833 663 871 animum
677 834 718 871 in
737 834 920 874 Flaccum
935 836 1119 887 incitavit,
1132 852 1276 891 quasso,

153 884 377 933 cognoscite.

207 936 304 974 XX.
326 938 510 976 Fundum
519 940 722 991 Cymaeum
731 942 869 981 Romae
880 952 1069 984 mercatus
1081 953 1136 985 est
1144 946 1191 986 de
1201 961 1276 999 pu.

152 989 247 1040 pillo
268 990 503 1030 Meculonio.
535 994 637 1032 Cum
665 996 788 1034 verbis
813 1010 852 1035 se
870 998 1100 1050 locupletem
1119 1001 1273 1052 faceret,

153 1043 310 1081 haberet
322 1045 418 1083 nihil
430 1054 566 1097 praeter
572 1048 680 1086 illam
691 1049 985 1101 impudentiam,
997 1067 1114 1104 quam
1124 1055 1274 1106 videtis,

152 1098 357 1148 pecuniam
387 1101 524 1138 sumsit
553 1110 731 1140 mutuam
759 1117 782 1141 a
807 1105 895 1143 Sex.
917 1107 1037 1154 Stola,
1055 1108 1184 1157 judice
1202 1110 1276 1149 hoc

154 1158 297 1199 nostro,
317 1153 498 1203 primario
518 1154 612 1201 viro,
634 1156 702 1206 qui
722 1164 758 1194 et
771 1171 851 1195 rem
870 1160 1054 1210 agnoscit,
1068 1174 1193 1213 neque
1204 1163 1275 1202 ho-

154 1204 301 1242 minem
319 1206 468 1256 ignorat
481 1221 492 1253 ;
515 1208 583 1259 ‘qui
594 1216 722 1247 tamen
736 1212 893 1250 credidit
909 1214 953 1250 P.
969 1214 1099 1252 Fulvii
1110 1216 1273 1266 Veratii,

153 1258 349 1296 lectissimi
366 1260 546 1308 hominis,
567 1262 653 1300 fide.
683 1263 735 1301 Ei
747 1277 835 1302 cum
848 1267 1022 1315 solveret,
1039 1270 1174 1308 sumsit
1188 1284 1211 1308 a
1226 1271 1272 1310 C.

153 1319 191 1349 et
203 1312 264 1349 M.
282 1312 417 1361 Fufiis,
432 1315 623 1365 equitibus
636 1317 837 1364 Romanis,
858 1320 1048 1371 primariis
1060 1322 1161 1361 viris.
1191 1325 1275 1364 Hic

153 1365 346 1413 (hercule)
367 1368 505 1406 cornici
520 1371 689 1416 oculum,
703 1379 747 1409 ut
758 1372 896 1411 dicitur
912 1389 922 1412 ε
953 1387 1044 1413 nam
1056 1376 1160 1415 hunc
1173 1378 1277 1417 Her-

151 1418 346 1470 mippum,
367 1421 563 1460 hominem
583 1425 789 1474 eruditum,
817 1428 939 1466 civem
963 1441 1094 1478 suum,
1129 1432 1191 1469 cui
1209 1432 1278 1471 de-

152 1473 267 1510 bebat
285 1487 363 1512 esse
377 1475 608 1525 notissimus,
630 1480 812 1528 percussit
828 1495 838 1518 :
869 1483 951 1531 ejus
966 1483 1068 1521 enim
1080 1484 1156 1523 fide
1170 1499 1277 1524 sum-

153 1526 203 1563 sit
222 1540 245 1564 a
263 1527 397 1566 Fufiis.
429 1529 591 1568 Securus
611 1532 851 1585 Hermippus
881 1536 1081 1575 Temnum
1106 1540 1277 1589 proficis-

153 1580 265 1628 citur,
286 1594 374 1619 cum
394 1582 463 1620 iste
487 1597 564 1622 sese
581 1587 797 1635 pecuniam,
812 1602 929 1639 quam
948 1590 1066 1640 hujus
1084 1592 1159 1631 fide
1170 1606 1277 1632 sum-

154 1641 268 1681 serat,
289 1648 311 1672 a
330 1635 522 1687 discipulis
553 1639 629 1676 suis
658 1640 797 1679 diceret
826 1642 948 1681 Fufiis
977 1646 1276 1695 persoluturum.

153 1687 336 1726 Habebat
355 1690 457 1727 enim
469 1691 594 1729 rhetor
612 1693 681 1731 iste
699 1695 950 1735 adolescentes
965 1699 1152 1749 quosdam
1170 1701 1278 1740 locu-

153 1740 288 1791 pletes,
319 1756 414 1793 quos
443 1744 602 1783 dimidio
621 1747 792 1786 redderet
810 1750 1013 1800 stultiores,
1034 1766 1152 1804 quam
1171 1768 1277 1794 acce-

153 1802 261 1844 perat
274 1809 285 1841 3
307 1796 376 1833 ubi
388 1797 484 1835 nihil
498 1808 650 1849 possent
664 1801 818 1850 discere,
835 1803 909 1841 nisi
921 1805 1178 1855 ignorantiam
1188 1809 1276 1848 lite-

153 1860 297 1886 rarum.
328 1850 537 1889 Neminem
558 1854 714 1904 quidem
752 1856 845 1894 adeo
863 1858 1051 1898 infatuare
1069 1862 1208 1911 potuit,
1229 1870 1275 1901 ut

155 1901 190 1939 ei
201 1914 408 1942 nummum
420 1906 546 1943 ullum
561 1907 736 1946 crederet.
764 1909 914 1962 Itaque,
929 1925 1018 1950 cum
1033 1914 1163 1953 Roma
1174 1917 1275 1955 clam

156 1963 251 1993 esset
280 1957 483 2007 profectus,
518 1961 737 2013 multosque
772 1964 932 2003 minutis
967 1968 1273 2009 mutuationibus

154 2008 417 2058 fraudavisset,
437 2013 477 2049 in
501 2014 640 2052 Asiam
665 2017 781 2065 venit,
804 2018 1097 2072 Hermippoque
1113 2036 1273 2074 percon-

154 2063 252 2100 tanti
270 2063 318 2102 de
342 2066 497 2105 nomine
524 2068 702 2117 Fufiano,
729 2071 942 2122 respondet,
973 2087 1013 2112 se
1031 2087 1186 2114 omnem
1204 2091 1273 2129 pe-

153 2116 308 2155 cuniam
331 2118 452 2157 Fufiis
473 2122 708 2172 persolvisse.
735 2124 912 2174 Interim,
938 2139 1064 2179 neque
1081 2129 1136 2168 ita
1151 2130 1269 2182 longo

151 2168 364 2222 intervallo,
383 2173 543 2214 libertus
568 2188 590 2214 a
616 2176 738 2216 Fufiis
768 2190 857 2217 curn
876 2179 993 2220 literis
1011 2181 1060 2221 ad
1084 2182 1267 2236 Hermip-
