1455 2343
172 80 247 118 140
376 80 490 121 PRO
519 82 692 123 DOMO
721 85 845 124 SUA.
873 85 979 124 CAP.
1012 83 1075 124 14.>

178 187 283 235 civis,
303 195 371 226 aut
389 188 436 227 de
460 191 582 240 bonis,
604 191 684 229 sine
707 191 850 241 judicio
868 194 1034 240 senatfis,
1054 197 1122 230 aut
1141 190 1298 242 populi,-

180 247 247 278 aut
266 253 398 280 eorum
427 244 494 294 qui
519 245 566 284 de
584 243 736 297 quaque
761 259 801 285 re
819 246 1012 285 constituti
1038 245 1184 295 judices
1202 244 1293 293 sint,

181 294 328 332 detrahi
345 297 476 348 possit.
1294 336 1297 338 -

235 348 416 398 Videsne,
431 364 494 389 me
512 364 587 390 non
607 353 785 392 radicitus
805 354 962 392 evellere
980 366 1111 392 omnes
1129 351 1293 391 actiones

182 409 267 440 tuas
285 405 301 441 ?
331 417 455 455 neque
473 405 570 443 illud
589 420 711 457 agere,
734 408 854 459 (quod
865 415 1039 459 apertum
1059 405 1134 454 est)
1155 413 1192 444 te
1210 418 1295 443 om-

183 456 276 493 nino
294 457 391 494 nihil
405 459 560 508 gessisse
572 461 671 508 jure,
692 473 768 498 non
787 461 902 500 fuisse
920 461 1119 499 tribunum
1137 458 1260 511 plebis
1276 460 1295 496 ζ)

182 509 270 548 Hoc
282 510 364 549 dico
383 510 439 560 [te
458 526 536 551 esse
555 514 758 564 patricium
775 517 808 567 ι]
831 515 914 553 dico
945 515 1049 566 apud
1069 512 1265 565 pontifices
1279 525 1291 549 ε

187 577 350 614 augures
364 565 502 604 adsunt
520 581 529 604 ε
556 580 679 605 versor
691 569 730 605 in
743 569 868 606 medio
885 570 970 618 jure
983 568 1148 620 publico.
1179 564 1298 613 Quod

186 625 255 665 est,
275 619 484 668 pontifices,
502 622 565 669 jus
577 621 788 672 adoptionis
804 625 821 660 ?
850 635 1002 672 nempe,
1023 629 1067 659 ut
1080 621 1112 659 is
1127 620 1296 670 adoptet,

187 671 255 721 qui
282 684 406 722 neque
424 686 616 723 procreare
643 677 725 724 jam
743 676 880 714 liberos
897 676 1028 726 possit,
1053 682 1103 723 et,
1124 686 1211 712 cum
1230 685 1299 724 po-

187 725 314 771 tuerit,
349 726 396 763 sit
429 735 616 777 expertus·
647 729 747 776 Quae
780 729 915 766 deinde
944 742 1057 767 causa
1085 728 1222 778 cuique
1252 725 1301 764 sit

188 778 414 829 adoptionis,
445 794 531 830 quae
561 782 656 819 ratio
688 795 871 833 generum
904 795 947 820 ae
979 781 1187 833 dignitatis,
1214 792 1302 830 quae

189 844 395 881 sacrorum,
427 835 545 884 quaeri
574 848 596 872 a
621 836 844 886 pontificum
875 836 1031 887 collegio
1060 836 1164 873 solet.
1193 832 1304 881 Quid

192 892 248 922 est
277 886 417 925 horum
447 888 486 924 in
514 888 587 926 ista
614 889 814 940 adoptione
843 890 1081 941 quaesitum?
1110 887 1300 938 Adoptat,

191 951 310 977 annos
329 940 465 991 viginti
489 950 617 990 natus,
638 944 752 981 etiam
775 944 914 991 minor,
935 951 1156 981 senatorem.
1186 941 1304 978 Libe·-

191 1005 370 1032 rorumne
404 995 545 1034 causa?
574 999 633 1034 At
664 1010 857 1048 procreare
887 1004 1034 1048 potest:
1064 996 1179 1034 habet
1206 1007 1305 1032 uxo-

192 1058 297 1084 rem:
340 1049 503 1100 suscepit
539 1050 654 1088 etiam
690 1051 838 1089 liberos.
881 1048 1152 1088 Exhaeredabit
1186 1048 1304 1099 igitur

191 1107 298 1150 pater
322 1101 458 1140 filium.
490 1103 630 1150 Quid?
660 1118 763 1142 sacra
785 1104 929 1143 Clodiae
951 1104 1073 1155 gentis
1093 1116 1160 1140 cur
1186 1102 1304 1139 inter-

194 1161 299 1202 eunt,
321 1156 424 1206 quod
449 1156 489 1193 in
509 1165 545 1194 te
575 1160 659 1196 est?
690 1171 776 1208 quae
794 1158 918 1196 omnis
939 1157 1043 1195 notio
1061 1155 1302 1208 pontificum,

196 1220 284 1245 cum
303 1209 537 1260 adoptarere,
558 1224 635 1248 esse
653 1211 796 1249 debuit.

248 1263 336 1299 Nisi
353 1263 449 1301 forte
468 1276 515 1301 ex
534 1271 570 1301 te
588 1264 641 1301 ita
660 1265 863 1315 quaesitum
882 1272 950 1313 est,
971 1276 1066 1301 num
1084 1263 1305 1314 perturbare

193 1316 470 1367 rempublicam
489 1317 735 1355 seditionibus
753 1319 892 1363 velles3
923 1326 960 1356 et
978 1319 1026 1355 ob
1047 1329 1129 1355 eam
1149 1328 1304 1354 causam

194 1369 380 1420 adoptari,
401 1382 477 1407 non
495 1378 539 1407 ut
557 1371 658 1408 filius
683 1385 792 1419 esses,
819 1372 884 1410 sed
909 1379 954 1409 ut
982 1371 1158 1408 tribunus
1183 1368 1305 1420 plebis

195 1422 316 1471 fieres,
344 1431 380 1460 et
403 1423 576 1461 funditus
607 1433 788 1463 everteres
813 1425 1014 1463 civitatem.
1044 1422 1304 1474 Respondisti,

197 1477 321 1524 credo,
349 1485 385 1514 te
402 1477 456 1514 ita
474 1478 581 1515 velle.
612 1478 859 1516 Pontificibus
877 1480 978 1516 bona
996 1491 1108 1516 causa
1126 1476 1205 1515 visa
1224 1483 1303 1514 est:

197 1533 514 1582 approbaverunt.
544 1532 636 1569 Non
656 1539 744 1570 aetas
763 1533 857 1581 ejus,
879 1532 946 1583 qui
965 1532 1182 1582 adoptabat,
1202 1543 1308 1580 quae-

196 1585 267 1622 sita
297 1592 364 1632 est,
395 1592 439 1622 ut
467 1585 507 1621 in
540 1585 612 1623 Cn.
644 1585 819 1633 Aufidio,
854 1586 915 1624 M.
950 1585 1104 1636 Pupio;
1142 1596 1307 1635 quorum

197 1647 371 1690 uterque,
402 1638 527 1676 nostra
562 1639 760 1686 memoria,
792 1639 945 1677 summa
975 1644 1180 1685 senectute,
1214 1637 1309 1674 alter

197 1693 388 1739 Orestem,
401 1693 494 1730 alter
514 1692 706 1739 Pisonem,
720 1693 924 1744 adoptavit.
954 1692 1062 1739 Quas
1074 1690 1307 1742 adoptiones,

199 1747 296 1786 sicut
325 1746 418 1784 alias
446 1746 754 1793 innumerabiles,
785 1746 1020 1784 haereditates
1042 1744 1222 1791 nominis,
1242 1756 1309 1794 pe-

199 1801 336 1847 cuniae,
357 1812 563 1847 sacrorum,
589 1807 725 1838 secutae
750 1807 849 1838 sunt.
879 1800 944 1837 Tu
973 1811 1098 1850 neque
1127 1797 1310 1836 Fonteius

200 1869 239 1893 es
270 1853 355 1905 (qui
384 1865 463 1890 esse
488 1853 680 1902 debebas),
705 1866 828 1904 neque
852 1853 969 1904 patris
994 1853 1141 1897 haeres3
1170 1863 1313 1902 neque,

200 1908 347 1948 amissis
373 1906 483 1944 sacris
508 1907 686 1956 paternis,
707 1907 746 1944 in
772 1907 853 1944 haec
877 1906 1054 1957 adoptiva
1072 1904 1219 1944 venisti„
1249 1905 1313 1942 Ita

199 1959 427 2016 perturbatis
457 1960 582 2007 sacris,
610 1960 872 1998 contaminatis
904 1960 1096 2011 gentibus,
1127 1965 1164 1996 et
1193 1969 1312 2009 quam

201 2013 409 2060 deseruisti,
426 2021 463 2051 et
481 2026 598 2064 quam
612 2014 794 2064 polluisti,
812 2015 897 2062 jure
912 2012 1124 2061 Quiritium
1142 2011 1314 2062 legitimo

200 2069 408 2109 tutelarum
427 2074 464 2104 et
474 2067 739 2105 haereditatum
758 2067 901 2115 relicto,
914 2067 1036 2105 factus
1051 2078 1089 2104 es
1108 2066 1192 2114 ejus
1209 2064 1312 2102 filius

199 2132 329 2165 eontra
346 2121 418 2168 fas,
437 2121 546 2170 cujus
563 2133 631 2172 per
648 2128 798 2159 aetatem
815 2128 922 2172 pater
936 2133 1014 2159 esse
1032 2117 1202 2171 potuisti.

253 2176 371 2217 XIV.
399 2173 499 2215 Dico
516 2174 620 2227 apud
631 2175 825 2227 pontifices
839 2189 850 2213 ε
881 2186 993 2225 nego,
1012 2173 1125 2212 istam
1137 2169 1309 2224 adoptio-
