1455 2343
236 101 314 140 :388
369 103 446 142 DE
468 105 737 145 PROVINC.
760 106 995 146 CONSUL.
1033 106 1137 146 CAl’.
1162 106 1225 144 11.

233 210 448 260 turpissima
475 214 631 251 libidine
659 215 846 263 incensus,
867 215 962 253 duas
988 228 1046 253 res
1074 213 1344 258 sanctissimas,

230 263 450 313 religionem
466 274 502 304 et
516 267 752 317 pudicitiam,
766 281 844 306 uno
856 269 989 307 scelere
1003 268 1178 306 violasset
1187 268 1205 303 ἱ)
1232 267 1344 304 Num

230 326 285 354 est
302 318 419 368 igitur
438 320 614 368 dubium,
637 335 683 359 ex
711 323 757 360 iis
782 324 893 360 rebus
911 335 1007 374 quas
1025 321 1057 359 is
1076 322 1166 372 egit,
1187 320 1342 371 agitque

230 372 412 421 quotidie,
442 374 536 424 quin
568 387 651 425 ego,
671 376 711 413 in
734 375 801 414 illo
825 375 1096 427 oppugnando,
1126 373 1344 426 reipublicae

231 424 330 473 plus,
347 439 465 476 quam
483 427 560 465 otio
578 441 688 473 meo3
719 430 907 476 nonnulli,
928 430 967 466 in
987 429 1119 467 eodem
1137 427 1341 466 defenden-

229 476 292 525 do,
313 492 381 517 suo
395 481 482 531 plus
501 482 591 527 otio,
612 495 730 532 quam
749 483 957 530 communi,
977 481 1238 533 prospexerint
1251 483 1269 518 ’ἓ

281 532 369 582 Ego
382 546 445 571 me
464 548 486 571 a
504 535 549 572 C.
570 536 718 573 Caesare
735 536 776 573 in
790 549 830 574 re
843 536 998 587 publica
1015 534 1230 573 dissensisse
1248 534 1342 572 fate-

229 597 284 631 or,
312 593 350 623 et
376 587 532 625 sensisse
563 589 781 627 vobiscum:
822 589 887 628 sed
915 601 1031 636 nunc,
1069 588 1203 626 iisdem
1239 587 1345 625 vobis

228 639 421 688 assentior,
453 654 542 678 cum
575 643 714 692 quibus
739 650 850 681 antea
879 643 1098 682 sentiebam.
1139 641 1221 679 Vos
1240 640 1342 678 enim

229 691 295 731 (ad
314 706 409 743 quos
428 693 553 732 literas
574 695 621 732 L.
644 696 732 734 Piso
747 697 794 734 de
806 696 883 734 suis
902 698 1014 734 rebus
1033 707 1109 732 non
1129 694 1244 732 audet
1254 693 1346 732 mit-

230 754 330 791 tere;
362 747 429 797 qui
449 748 605 786 Gabinii
622 749 748 787 literas
766 749 909 799 insigni
926 748 1096 800 quadam
1114 747 1205 785 nota
1229 754 1344 797 atque

228 798 438 847 ignominia
466 801 566 839 nova
591 803 885 849 condemnastis)
916 802 961 840 C.
983 801 1124 840 Caesari
1153 801 1342 851 supplica-

229 852 347 890 tiones
376 854 601 902 decrevistis,
622 868 796 903 numero,
816 862 860 893 ut
878 855 1023 894 nem'mi
1041 867 1118 892 uno
1144 867 1190 892 ex
1218 854 1342 899 beu0;

228 905 382 954 honore,
413 915 457 945 ut
482 909 637 947 omnino
669 909 825 948 nemini.
866 910 946 948 Cur
980 909 1097 959 igitur
1129 914 1344 958 exspectem

228 959 423 999 hominem
447 962 632 1012 aliquem,
655 963 722 1014 qui
743 976 806 1001 me
833 976 922 1001 cum
949 963 1016 1000 illo
1037 963 1078 999 in
1106 961 1266 1011 gratiani
1286 974 1343 998 re-

227 1013 371 1052 ducat?
400 1015 554 1053 reduxit
571 1017 662 1054 ordo
677 1017 949 1068 amplissimus,
970 1023 1007 1054 et
1025 1016 1116 1054 ordo
1135 1015 1181 1059 is,
1202 1015 1269 1065 qui
1288 1022 1345 1052 est

229 1074 265 1103 ct
293 1069 437 1117 publici
462 1069 607 1107 consilii
632 1078 669 1108 et
698 1084 872 1109 meorum
904 1069 1077 1108 omnium
1103 1068 1345 1106 consiliorum

227 1128 357 1159 auctor
385 1130 422 1160 et
454 1123 640 1175 princeps.
688 1125 770 1163 Vos
803 1137 952 1175 sequor,
972 1131 1098 1174 patres
1117 1121 1341 1172 conscripti:

227 1176 334 1213 vobis
353 1178 596 1228 obtemper03
627 1178 733 1216 vobis
752 1178 958 1223 assentior3
988 1176 1069 1228 qui,
1091 1175 1277 1227 quamdiu
1298 1175 1345 1213 C.

229 1228 388 1267 Caesaris
409 1231 564 1268 consilia
582 1231 622 1268 in
641 1245 681 1269 re
699 1231 854 1282 publica
872 1244 949 1269 non
967 1229 1136 1268 maxime
1161 1228 1345 1278 diligeba-

227 1282 288 1329 tis,
316 1295 379 1321 me
398 1297 551 1335 quoque
569 1297 659 1322 cum
677 1286 744 1324 ino
771 1285 900 1323 minus
926 1285 1173 1334 conjunctum
1192 1281 1346 1320 videba-

226 1334 298 1373 tis:
328 1344 575 1388 posteaquam
595 1340 708 1377 rebus
729 1340 843 1389 gestis
869 1345 1015 1376 mentes
1041 1343 1181 1375 vestras
1208 1336 1344 1373 volun-

226 1396 396 1441 tatesque
415 1391 605 1436 mutastis,
625 1404 689 1430 me
715 1405 792 1430 non
817 1392 942 1430 solum
961 1390 1138 1429 comitem
1157 1402 1236 1428 esse
1260 1401 1344 1427 sen-

228 1443 354 1480 tentiae
373 1452 516 1491 vestrae,
538 1445 602 1482 sed
621 1445 735 1483 etiam
754 1446 1004 1491 laudatorem,
1025 1442 1182 1482 vidistis.

279 1496 356 1534 XI.
386 1497 461 1535 Sed
480 1498 575 1548 quid
589 1506 658 1544 est,
679 1499 797 1549 quod,
809 1499 850 1536 in
867 1499 939 1536 hac
958 1497 1071 1536 causa
1089 1495 1258 1534 maxime
1269 1496 1340 1534 ho-

225 1550 347 1587 mines
366 1550 600 1589 admirentur
622 1560 659 1589 et
680 1552 956 1603 reprehendant
976 1563 1107 1588 meum
1127 1549 1341 1596 consilium,

227 1617 315 1641 cum
336 1617 405 1654 ego
423 1604 525 1642 idem
545 1613 655 1643 antea
679 1607 805 1644 multa
823 1605 1020 1651 decrerim,
1043 1617 1130 1654 quae
1155 1603 1277 1654 magis
1295 1603 1344 1640 ad

225 1657 389 1695 hominis
415 1658 653 1708 dignitatem,
681 1672 798 1710 quam
822 1659 871 1697 ad
897 1657 1115 1710 reipublicae
1143 1656 1342 1694 necessita-

226 1719 318 1757 tem,
332 1711 587 1761 pertinerent?
609 1713 936 1764 Supplicationem
957 1710 1174 1763 quindecim
1192 1710 1341 1748 dierum

224 1765 371 1802 decrevi
390 1766 573 1803 sententia
599 1767 696 1804 mea.
728 1766 967 1817 Reipublicae
985 1764 1074 1803 satis
1093 1770 1172 1802 erat
1189 1770 1245 1801 tot
1263 1763 1342 1801 die-

227 1831 330 1862 rum,
357 1824 451 1869 quot
481 1819 526 1855 (J.
556 1819 708 1857 Mario:
741 1820 828 1858 Diis
852 1818 1132 1857 immortalibus
1159 1829 1237 1855 non
1264 1824 1344 1855 erat

228 1871 367 1922 exigua
403 1871 535 1909 eadem
561 1873 777 1921 gratulatio,
805 1887 892 1924 quae
921 1885 968 1910 ex
1003 1870 1185 1909 maximis
1220 1870 1342 1908 bellis.

228 1925 333 1976 Ergo
358 1925 423 1962 ille
450 1926 627 1963 cumulus
654 1926 803 1964 dierum
827 1926 993 1964 hominis
1011 1932 1067 1963 est
1084 1924 1260 1975 dignitati
1278 1923 1346 1961 tri-

229 1981 358 2016 butus.

283 2033 332 2070 In
352 2045 428 2083 quo
448 2046 516 2083 ego
530 2037 623 2084 (quo
638 2035 791 2072 consule
810 2034 1005 2081 referente,
1025 2031 1196 2082 primum
1211 2031 1342 2068 decem

228 2086 377 2123 dierum
397 2086 620 2137 supplicatio
640 2087 789 2125 decreta
806 2087 878 2126 Cn.
900 2085 1097 2136 Pompeio,
1119 2083 1347 2122 Mithridate

229 2139 437 2186 interfecto,
454 2139 697 2191 confectoque
710 2140 973 2179 Mithridatico
990 2139 1116 2184 bello;
1136 2138 1245 2186 cujus
1264 2149 1348 2175 sen-

221 2193 337 2230 tentia
366 2194 534 2243 primum
561 2194 751 2245 duplicata
773 2202 827 2232 est
856 2192 1081 2246 supplicatio
1108 2190 1314 2230 consularis
1322 2203 1341 2245 2⁶
