1455 2343
256 103 335 141 ‘244
491 103 603 143 PRO
634 104 903 144 PLANCIO.
932 105 1036 144 CAP.
1056 108 1121 145 27.

274 245 278 248 ,
312 210 449 261 Itaque
465 210 537 249 hac
554 225 619 263 spe
637 211 877 259 decedebam,
901 219 944 250 ut
964 212 1060 251 mihi
1079 212 1265 263 populum
1287 211 1366 250 Ro-

257 275 416 302 manum
441 265 541 304 ultro
564 266 692 303 omnia
723 266 938 304 delaturum
968 272 1156 317 putarem.
1193 265 1252 304 At
1281 278 1367 316 ego,

259 330 348 355 cum
367 330 452 355 casu
472 318 603 356 dlebus
622 319 681 366 iis,
702 319 843 357 itineris
863 319 1024 357 faciendi
1042 319 1170 367 causa,
1185 319 1371 356 decedens

260 383 281 408 e
299 372 503 421 provincia,
526 373 702 411 Puteolos
721 373 816 411 forte
827 373 1036 418 venissem,
1025 386 1035 396 ·
1058 385 1147 410 cum
1162 372 1319 423 plurimi
1334 378 1372 409 et

259 424 460 463 lautissimi
479 426 598 464 solent
617 439 694 464 esse
713 427 752 463 in
777 427 822 465 115
839 427 945 474 10015,
965 426 1110 465 concidi
1128 438 1249 477 paene,
1266 425 1370 475 judi-

261 490 336 524 ces,
367 491 455 516 cum
480 493 527 517 ex
549 492 611 517 me
639 480 795 530 quidam
818 482 1026 530 quaesisset,
1056 493 1132 531 quo
1160 479 1221 517 die
1244 477 1372 521 Roma

263 533 440 580 exissem,
469 540 505 570 et
531 533 748 584 numquid
739 546 778 570 m
798 547 840 571 ea
859 541 953 571 esset
970 533 1069 572 novi.
1110 533 1185 571 Cui
1203 545 1291 572 cum
1313 546 1372 570 re-

262 586 510 636 spondissem,
536 599 598 624 me
618 600 638 624 e
656 587 848 637 proxincia
862 586 1061 625 decedere·
1050 615 1061 630 ‚
1095 590 1123 608 “
1144 587 1274 635 etiam,
1292 599 1372 627 me-

262 637 474 686 hercules,''
494 640 632 691 inquit,
655 644 683 662 ‘⁶
702 648 747 678 ut
766 641 911 692 opinor,
933 653 979 678 ex
997 640 1174 678 Africa.”

317 693 501 731 XXVII.
540 694 646 731 Huic
676 707 759 744 ego,
786 695 867 743 jam
888 693 1138 739 stomachans,
1165 693 1369 740 fastidiose,

263 747 293 785 4‘
314 746 442 784 Immo
470 760 516 784 ex
537 747 711 795 Sicilia?
730 747 901 799 inquam.
936 747 1044 785 Tum
1069 747 1240 798 quidam,
1262 748 1371 798 quasi

265 799 332 850 qui
350 800 478 838 omnia
497 801 617 849 sciret,
635 801 806 849 “Quid?
837 808 878 839 tu
898 801 1042 847 nescis,'
1047 801 1215 852 ’inquit,
1230 801 1373 839 “hunc

263 854 456 904 Syracusis
480 862 642 905 quaestor
624 868 703 893 10111
726 855 864 894 fuisse.
855 855 900 883 Ψ
934 854 1041 902 Quid
1066 855 1220 893 multa?
1249 854 1374 892 destiti

265 908 515 953 stomachari;
550 917 586 947 et
607 921 670 948 me
694 921 817 946 unum
840 921 888 946 ex
909 908 954 947 iis
978 908 1063 955 feci,
1091 908 1158 959 qui
1185 908 1234 945 ad
1256 921 1372 959 aquas

265 961 462 999 venissent.
493 963 567 1001 Sed
586 975 629 1000 ea
646 976 718 1010 res,
736 963 895 1012 judices,
914 962 1018 1000 haud
1030 962 1104 1000 scio
1116 974 1164 999 an
1175 962 1263 1012 plus
1277 961 1374 999 mihi

264 1015 460 1065 profuerit,
481 1029 598 1067 quam
617 1017 648 1054 si
666 1016 762 1053 mihi
780 1024 863 1054 tum
882 1023 1004 1054 essent
1021 1028 1151 1054 omnes
1176 1022 1373 1066 congratu-

264 1068 346 1106 lati.
377 1069 497 1117 Nam,
523 1078 771 1121 posteaquam
796 1070 908 1119 sensi,
935 1070 1122 1121 populum
1150 1069 1374 1107 Romanum

267 1134 375 1160 aures
392 1123 613 1172 hebetiores,
638 1125 765 1162 oculos
789 1137 890 1167 acres
913 1131 1026 1175 atque
1048 1130 1190 1171 acutos,
1210 1123 1372 1167 habere;

266 1175 406 1223 destiti,
420 1177 512 1228 quid
524 1178 570 1215 de
587 1191 650 1216 me
668 1178 834 1224 audituri
852 1185 973 1217 essent
985 1177 1171 1225 homines,
1187 1176 1373 1227 cogitare:

266 1229 352 1277 feci,
373 1238 417 1268 ut
435 1239 562 1281 postea
580 1231 747 1283 quotidie
766 1245 827 1269 me
838 1239 1068 1292 praesentem
1087 1231 1278 1269 viderent:
1305 1230 1342 1267 h·
1334 1243 1375 1267 1-

265 1282 406 1321 bitavi
396 1297 436 1321 1n
451 1285 591 1323 oculis:
622 1286 738 1336 pressi
756 1285 904 1323 forum:
935 1285 1127 1328 neminem
1141 1297 1164 1322 a
1177 1295 1375 1334 congressu

265 1348 352 1374 meo
370 1349 494 1389 neque
515 1338 655 1387 janitor
679 1351 800 1385 meus,
820 1351 943 1389 neque
965 1351 1134 1385 somnus,
1159 1337 1373 1376 absterruit.

265 1388 419 1441 Ecquid
437 1404 506 1441 ego
525 1392 648 1430 dicam
668 1392 714 1432 de
733 1392 921 1443 occupatis
939 1392 1033 1430 meis
1051 1390 1298 1456 tem'poiibus,
1312 1390 1374 1428 cui

265 1442 381 1481 fuerit
393 1457 441 1482 ne
454 1445 575 1482 otium
590 1445 744 1496 quidem
759 1458 930 1497 unquam
945 1445 1141 1483 otiosum?
1161 1457 1266 1491 nam,
1279 1457 1374 1496 quas

265 1503 309 1534 tu
323 1510 610 1546 commemoras,
627 1498 746 1547 Cassi,
757 1499 880 1550 legere
893 1506 930 1537 te
944 1499 1060 1537 solere
1071 1498 1270 1545 0101101105,
1286 1510 1374 1536 cum

267 1550 407 1590 otiosus
425 1551 490 1600 sis,
514 1551 582 1590 has
604 1565 672 1602 ego
695 1553 824 1604 scripsi
842 1553 941 1590 ludis
960 1560 997 1591 et
1014 1553 1128 1600 feriis,
1154 1564 1202 1591 ne
1220 1551 1376 1589 omnino

266 1616 438 1655 unquam
469 1618 587 1643 essem
616 1606 766 1644 otiosus,
809 1606 965 1644 Etenim
993 1606 1054 1644 M.
1080 1605 1234 1644 Catonis
1260 1604 1372 1653 fflud,

266 1658 396 1708 quod
386 1671 427 1696 1n
445 1659 627 1710 principio
640 1659 783 1711 scripsit
798 1662 826 1682 ‘⁶
840 1659 1074 1710 Originum''
1087 1672 1258 1706 suarum,
1278 1671 1376 1696 sem-

264 1723 333 1762 per
361 1712 609 1763 magnificum
640 1721 676 1751 et
703 1713 925 1764 praeclarum
952 1713 1107 1774 putavi,
1126 1715 1154 1735 “
1175 1712 1376 1751 Clarorum

265 1764 433 1803 virorum
447 1774 561 1817 atque
574 1779 815 1817 magnorum,
829 1779 903 1804 non
920 1768 1046 1804 minus
1058 1766 1140 1815 otii,
1155 1779 1272 1817 quam
1283 1778 1377 1817 neg-

266 1818 348 1867 otii,
375 1819 559 1858 rationem
589 1827 735 1858 exstare
754 1828 935 1881 oportere.
940 1821 964 1838 ''
1004 1821 1080 1868 Ita,
1110 1819 1143 1858 51
1165 1832 1282 1871 quam
1305 1819 1376 1858 ha-

266 1871 338 1911 beo
363 1872 532 1921 laudem,
558 1887 657 1925 quae,
681 1881 823 1925 quanta
851 1874 912 1922 sit,
938 1874 1074 1922 nescio,
1105 1881 1214 1924 parta
1239 1874 1376 1911 Romae

268 1932 336 1974 est,
357 1927 513 1977 quaesita
530 1927 570 1964 in
584 1927 664 1965 foro
679 1941 689 1964 :
719 1940 880 1979 meaque
898 1928 1044 1978 privata
1061 1926 1218 1967 consilia
1230 1927 1374 1978 publici

267 1992 421 2030 quoque
439 1993 545 2018 casus
567 1983 920 2031 comprobaverunt,
946 1987 988 2018 ut
1014 1981 1127 2019 etiam
1150 1992 1301 2018 summa
1318 1993 1376 2019 res

265 2033 418 2082 publica
445 2034 542 2072 mihi
568 2034 672 2078 domi
696 2034 810 2082 fuerit
834 2034 1010 2085 gerenda,
1031 2041 1068 2075 et
1085 2034 1189 2073 Urbs
1213 2033 1254 2071 in
1267 2034 1374 2072 Urbe

266 2086 460 2127 servanda.

318 2139 469 2179 Eadem
499 2140 628 2192 igitur,
660 2140 781 2187 Cassi,
813 2141 874 2180 via
901 2141 1052 2180 munita
1081 2140 1278 2180 Laterensi
1303 2147 1371 2188 est,

262 2191 364 2232 idem
377 2193 526 2234 virtutis
544 2207 674 2234 cursus
692 2195 741 2234 ad
758 2195 945 2246 gloriam,
967 2195 1038 2234 hoc
1049 2194 1193 2234 facilior
1205 2194 1373 2243 fortasse,
