1455 2343
220 99 298 137 364
489 98 602 138 PRO
633 98 836 138 COELIO.
867 97 971 137 CAP.
994 98 1058 137 21.

218 207 350 257 plexu,
377 205 620 254 osculatione,
644 207 767 259 aquis,
791 207 1044 258 navigatione,
1069 204 1262 252 conviviis,
1285 212 1330 244 ut

217 272 294 297 non
309 260 435 298 solum
447 260 639 308 meretrix,
653 261 717 299 sed
731 261 846 299 etiam
858 273 1013 312 procax,
1025 259 1197 298 videatur
1210 272 1222 303 ;
1242 265 1336 297 cum·

218 313 290 351 hac
308 313 340 351 si
358 313 443 364 quis
461 313 674 352 adolescens
692 315 787 352 forte
804 314 933 361 fuerit,
952 321 1086 351 utrum
1103 313 1165 350 hic
1183 311 1267 360 tibi,
1281 311 1330 349 L.

216 366 404 415 Herenni,
426 367 586 416 adulter,
607 380 656 405 an
676 376 834 415 amator,
855 378 1074 418 expugnare
1091 365 1329 417 pudicitiam,

215 432 266 458 an
285 421 436 471 explere
453 421 665 468 libidinem,
682 422 844 459 voluisse
862 421 1036 459 videatur
1052 422 1070 458 Ρ

271 473 486 512 Obliviscor
493 475 575 524 jam
587 475 760 523 injurias,
774 474 909 512 Clodia
921 489 932 512 ε
949 474 1096 524 depono
1107 473 1332 511 memoriam

216 526 355 566 doloris
379 527 478 565 mei:
510 542 596 579 quae
608 530 675 565 abs
698 536 735 566 te
753 528 954 566 crudeliter
971 527 1012 564 iu
1029 539 1148 575 meos,
1162 539 1226 564 me
1245 528 1331 564 abs-

217 588 316 628 ente,
346 581 446 619 facta
467 588 569 627 sunt,
595 581 772 632 negligo.
814 593 862 619 ne
887 581 962 618 sint
985 579 1066 618 haec
1091 580 1131 617 in
1157 587 1194 617 te
1215 579 1330 640 dicta,

216 648 304 685 quae
321 634 414 672 dixi.
443 634 519 673 Sed
537 647 585 673 ex
604 641 640 672 te
654 634 737 686 ipsa
756 634 920 686 requiro,
941 633 1123 694 quoniam
1142 640 1178 671 et
1190 632 1332 671 crimen

216 696 448 726 accusatores
474 690 540 726 abs
558 695 609 736 te,
637 696 673 726 et
695 695 830 726 testem
852 689 934 736 ejus
952 686 1119 725 criminis
1137 693 1174 724 te
1192 687 1329 737 ipsam,

217 741 350 779 dicunt
369 754 407 779 se
424 741 588 780 habere:
618 741 649 779 si
668 755 746 792 qua
760 741 899 779 mulier
918 741 965 778 sit
982 740 1217 789 hujusmodi,
1239 753 1334 790 qua-

215 795 293 832 lem
312 807 382 845 ego
405 796 522 845 paulo
544 802 630 833 ante
652 794 844 846 descripsi,
871 794 928 832 tui
953 793 1158 842 dissimilis,
1178 791 1258 832 vita
1273 793 1333 831 in-

216 848 424 899 stitutoque
441 848 679 894 meretrici03
710 861 799 886 cum
817 848 888 886 hac
899 847 1045 899 aliquid
1059 847 1332 885 adolescentem

215 901 411 939 hominem
440 902 618 940 habuisse
648 902 817 950 rationis,
847 914 944 939 num
969 901 1040 939 tibi
1061 907 1239 952 perturpe
1263 907 1331 938 aut

216 955 515 1005 perflagitiosum
542 969 619 994 esse
638 956 835 994 videatur?
864 956 925 993 Ea
947 955 980 992 si
1004 964 1044 992 tu
1063 967 1140 992 non
1160 967 1198 992 es
1218 954 1332 998 (sicut

215 1021 286 1059 ego
306 1009 441 1057 malo),
463 1009 556 1060 quid
579 1017 646 1055 est,
669 1009 771 1061 quod
796 1009 976 1058 objiciant
994 1008 1141 1046 Coelio?
1169 1007 1227 1046 sin
1247 1020 1332 1045 eam

216 1069 254 1100 te
273 1063 407 1100 volunt
429 1076 521 1111 esse,
553 1063 646 1114 quid
673 1071 742 1111 est,
770 1076 837 1101 cur
859 1075 927 1100 nos
951 1062 1093 1100 crimen
1118 1062 1203 1108 hoc,
1234 1061 1266 1099 si
1288 1068 1331 1100 tu

214 1116 438 1164 contemnis,
457 1117 767 1167 pertimescamus
781 1119 799 1155 Ρ
829 1115 960 1163 Quare
974 1116 1082 1154 nobis
1096 1115 1145 1153 da
1158 1115 1260 1154 viam
1273 1127 1333 1152 ra-

214 1169 434 1221 tionemque
453 1170 702 1209 defensionis:
733 1183 825 1208 nam
851 1177 917 1207 aut
944 1169 1068 1221 pudor
1093 1176 1183 1207 tuus
1201 1168 1331 1206 defen-

216 1223 294 1269 det,
315 1224 412 1261 nihil
431 1237 453 1261 a
479 1224 540 1261 M.
562 1224 680 1262 Coelio
705 1223 937 1275 petulantius
963 1235 1040 1260 esse
1062 1222 1234 1266 factum3
1264 1230 1331 1260 aut

214 1276 454 1327 impudentia
473 1285 509 1315 et
525 1278 616 1315 huic
634 1287 671 1316 et
689 1277 830 1316 caeteris
854 1289 1051 1327 magnam,
1077 1276 1125 1314 ad
1144 1289 1183 1314 se
1200 1275 1332 1314 defen-

216 1329 401 1377 dendum,
421 1331 641 1368 facultatem
660 1331 776 1369 dabit.

267 1383 387 1421 XXI.
417 1383 505 1430 Sed,
526 1385 707 1435 quoniam
726 1384 917 1422 emersisse
928 1385 1010 1433 jam
1029 1396 1049 1421 e
1063 1383 1181 1428 vadis,
1199 1390 1237 1421 et
1250 1395 1329 1421 sco-

214 1437 324 1486 pulos
343 1444 597 1487 praetervecta,
618 1438 765 1475 videtur
783 1437 901 1475 oratio
918 1449 1018 1483 mea,
1033 1437 1222 1487 perfacilis
1233 1436 1330 1474 1111111

212 1490 380 1540 reliquus
399 1503 529 1528 cursus
553 1491 772 1529 ostenditur.
806 1490 898 1527 Duo
922 1498 1010 1528 sunt
1029 1490 1132 1528 enim
1150 1490 1324 1534 crimina,

213 1556 293 1581 una
310 1543 351 1581 in
374 1544 550 1590 muliere,
577 1557 815 1582 summorum
841 1544 1076 1581 facinorum:
1107 1544 1205 1591 auri,
1225 1544 1329 1594 quod

217 1604 390 1634 sumtum
410 1611 433 1635 a
458 1597 594 1636 Clodia
611 1598 772 1643 dicitur3
803 1605 839 1635 et
857 1597 1006 1644 veneni,
1027 1597 1144 1648 quod,
1158 1597 1329 1646 ejusdem

216 1650 361 1688 Clodiae
379 1651 557 1689 necandae
572 1664 697 1695 causa,
715 1651 866 1701 parasse
879 1650 1047 1689 Coelium
1067 1651 1327 1689 criminantur.

217 1705 375 1742 Aurum
395 1704 543 1750 sumsit,
559 1711 603 1742 ut
621 1704 757 1751 dicitis,
777 1704 880 1754 quod
899 1703 946 1741 L.
961 1703 1116 1742 Lucceii
1134 1704 1249 1742 servis
1262 1704 1331 1742 da-

215 1764 286 1805 ret,
306 1770 374 1808 per
392 1770 487 1808 quos
505 1757 792 1795 Alexandrinus
807 1757 899 1803 Dio,
915 1757 983 1807 qui
1001 1764 1086 1794 tum
1104 1757 1207 1808 apud
1226 1758 1330 1796 Luc-

217 1811 342 1849 ceium
359 1811 568 1856 habitabat,
589 1819 794 1848 necaretur.
824 1811 1018 1861 Magnum
1036 1811 1192 1859 crimen,
1212 1812 1273 1850 vel
1289 1812 1331 1849 in

215 1864 350 1915 legatis
367 1864 603 1910 insidiandis,
623 1865 682 1901 vel
701 1865 741 1901 in
767 1864 882 1902 servis
907 1863 956 1901 ad
973 1864 1162 1915 hospitem
1183 1864 1331 1902 domini

216 1917 430 1956 necandum
461 1918 728 1962 sollicitandi&
757 1918 916 1969 plenum
943 1917 1088 1956 sceleris
1113 1917 1328 1967 consilium,

217 1972 376 2024 plenum
397 1971 574 2010 audaciae.

271 2024 363 2072 Quo
385 2025 539 2076 quidem
564 2026 604 2062 in
633 2025 789 2063 crimine
810 2026 980 2076 primum
1002 2025 1099 2062 illud
1122 2025 1327 2075 requiram,

216 2078 402 2116 dixeritne
421 2078 578 2125 Clodiae,
600 2091 715 2130 quam
736 2079 784 2117 ad
803 2091 883 2117 rem
898 2091 1036 2116 aurum
1049 2085 1133 2115 tum
1149 2087 1328 2127 sumeret,

216 2144 264 2168 an
284 2144 359 2169 non
372 2132 519 2170 dixerit.
549 2133 591 2171 si
610 2144 686 2170 non
705 2132 816 2178 dixit,
836 2145 902 2170 cur
920 2131 1024 2170 dedit
1037 2134 1055 2170 Ξ)
1084 2131 1116 2169 si
1134 2131 1245 2179 dixit,
1266 2144 1328 2180 eo-

214 2186 300 2224 dem
317 2198 354 2224 se
373 2186 605 2226 conscientiae
625 2186 758 2224 scelere
778 2185 958 2225 devinxit.
987 2185 1102 2224 Tune
1121 2198 1257 2224 aurum
1275 2197 1324 2224 ex
