<?xml version="1.0" encoding="UTF-8"?>
<!DOCTYPE html PUBLIC "-//W3C//DTD XHTML 1.0 Transitional//EN"
    "http://www.w3.org/TR/xhtml1/DTD/xhtml1-transitional.dtd">
<html xmlns="http://www.w3.org/1999/xhtml" xml:lang="en" lang="en">
 <head>
  <title>
</title>
<meta http-equiv="Content-Type" content="text/html;charset=utf-8" />
  <meta name='ocr-system' content='tesseract 3.04.00' />
  <meta name='ocr-capabilities' content='ocr_page ocr_carea ocr_par ocr_line ocrx_word'/>
</head>
<body>
  <div class='ocr_page' id='page_1' title='image "./operaern07ciceuoft_0142.png"; bbox 0 0 1455 2343; ppageno 0'>
   <div class='ocr_carea' id='block_1_1' title="bbox 143 74 1060 124">
    <p class='ocr_par' dir='ltr' id='par_1_1' title="bbox 143 74 1060 124">
     <span class='ocr_line' id='line_1_1' title="bbox 143 74 1060 124; baseline 0.012 -12"><span class='ocrx_word' id='word_1_1' title='bbox 143 74 221 112; x_wconf 80' lang='lat'>128</span> <span class='ocrx_word' id='word_1_2' title='bbox 343 75 457 116; x_wconf 90' lang='lat' dir='ltr'>PRO</span> <span class='ocrx_word' id='word_1_3' title='bbox 486 76 660 118; x_wconf 89' lang='lat' dir='ltr'><strong>DOMO</strong></span> <span class='ocrx_word' id='word_1_4' title='bbox 689 79 811 119; x_wconf 88' lang='lat' dir='ltr'><strong>SUA.</strong></span> <span class='ocrx_word' id='word_1_5' title='bbox 841 81 947 121; x_wconf 79' lang='lat' dir='ltr'><strong>CAP.</strong></span> <span class='ocrx_word' id='word_1_6' title='bbox 977 85 1060 124; x_wconf 91' lang='grc' dir='ltr'>ΠΙ.</span> 
     </span>
    </p>
   </div>
   <div class='ocr_carea' id='block_1_2' title="bbox 127 181 1257 2231">
    <p class='ocr_par' dir='ltr' id='par_1_2' title="bbox 142 181 1250 344">
     <span class='ocr_line' id='line_1_2' title="bbox 142 181 1250 245; baseline 0.014 -26"><span class='ocrx_word' id='word_1_7' title='bbox 142 181 251 231; x_wconf 84' lang='lat' dir='ltr'>tioni,</span> <span class='ocrx_word' id='word_1_8' title='bbox 282 182 360 234; x_wconf 64' lang='lat' dir='ltr'>qua</span> <span class='ocrx_word' id='word_1_9' title='bbox 385 183 449 222; x_wconf 90' lang='lat' dir='ltr'>ille</span> <span class='ocrx_word' id='word_1_10' title='bbox 474 185 532 223; x_wconf 91' lang='lat' dir='ltr'>uti</span> <span class='ocrx_word' id='word_1_11' title='bbox 561 198 638 225; x_wconf 93' lang='lat' dir='ltr'>non</span> <span class='ocrx_word' id='word_1_12' title='bbox 662 194 801 238; x_wconf 90' lang='lat' dir='ltr'>potest,</span> <span class='ocrx_word' id='word_1_13' title='bbox 832 189 896 228; x_wconf 91' lang='lat' dir='ltr'>sed</span> <span class='ocrx_word' id='word_1_14' title='bbox 928 192 1109 242; x_wconf 90' lang='lat' dir='ltr'>convicio,</span> <span class='ocrx_word' id='word_1_15' title='bbox 1139 196 1250 245; x_wconf 88' lang='lat' dir='ltr'>cujus</span> 
     </span>
     <span class='ocr_line' id='line_1_3' title="bbox 143 236 1250 297; baseline 0.014 -25"><span class='ocrx_word' id='word_1_16' title='bbox 143 236 462 286; x_wconf 77' lang='lat' dir='ltr'><strong>exercitationem,</strong></span> <span class='ocrx_word' id='word_1_17' title='bbox 497 252 585 277; x_wconf 88' lang='lat' dir='ltr'>cum</span> <span class='ocrx_word' id='word_1_18' title='bbox 628 241 854 280; x_wconf 86' lang='lat' dir='ltr'>intolerabili</span> <span class='ocrx_word' id='word_1_19' title='bbox 904 246 1128 297; x_wconf 66' lang='lat' dir='ltr'>petulantia,</span> <span class='ocrx_word' id='word_1_20' title='bbox 1165 256 1250 288; x_wconf 89' lang='lat' dir='ltr'>tum</span> 
     </span>
     <span class='ocr_line' id='line_1_4' title="bbox 143 289 906 344; baseline 0.012 -18"><span class='ocrx_word' id='word_1_21' title='bbox 143 289 258 327; x_wconf 88' lang='lat' dir='ltr'>etiam</span> <span class='ocrx_word' id='word_1_22' title='bbox 277 290 457 330; x_wconf 66' lang='lat' dir='ltr'>diuturna</span> <span class='ocrx_word' id='word_1_23' title='bbox 474 292 714 344; x_wconf 82' lang='lat' dir='ltr'>impunitate,</span> <span class='ocrx_word' id='word_1_24' title='bbox 731 297 906 335; x_wconf 85' lang='lat' dir='ltr'>munivit.</span> 
     </span>
    </p>

    <p class='ocr_par' dir='ltr' id='par_1_3' title="bbox 143 343 1257 810">
     <span class='ocr_line' id='line_1_5' title="bbox 202 343 1256 397; baseline 0.013 -16"><span class='ocrx_word' id='word_1_25' title='bbox 202 343 260 381; x_wconf 86' lang='grc' dir='ltr'>ΙΙ.</span> <span class='ocrx_word' id='word_1_26' title='bbox 290 345 354 382; x_wconf 91' lang='grc' dir='ltr'>Α6</span> <span class='ocrx_word' id='word_1_27' title='bbox 371 346 541 396; x_wconf 91' lang='lat' dir='ltr'>primum</span> <span class='ocrx_word' id='word_1_28' title='bbox 568 348 665 386; x_wconf 80' lang='lat' dir='ltr'>iJJud</span> <span class='ocrx_word' id='word_1_29' title='bbox 684 363 707 386; x_wconf 91' lang='lat' dir='ltr'>a</span> <span class='ocrx_word' id='word_1_30' title='bbox 729 356 778 397; x_wconf 88' lang='lat' dir='ltr'>te,</span> <span class='ocrx_word' id='word_1_31' title='bbox 800 351 954 390; x_wconf 89' lang='lat' dir='ltr'>homine</span> <span class='ocrx_word' id='word_1_32' title='bbox 979 366 1115 393; x_wconf 89' lang='lat' dir='ltr'>vesano</span> <span class='ocrx_word' id='word_1_33' title='bbox 1133 369 1176 394; x_wconf 87' lang='lat' dir='ltr'>ac</span> <span class='ocrx_word' id='word_1_34' title='bbox 1193 356 1256 395; x_wconf 82' lang='lat' dir='ltr'>fu-</span> 
     </span>
     <span class='ocr_line' id='line_1_6' title="bbox 143 395 1256 454; baseline 0.014 -21"><span class='ocrx_word' id='word_1_35' title='bbox 143 395 255 443; x_wconf 86' lang='lat' dir='ltr'>rioso,</span> <span class='ocrx_word' id='word_1_36' title='bbox 277 399 440 449; x_wconf 82' lang='lat' dir='ltr'>requim,</span> <span class='ocrx_word' id='word_1_37' title='bbox 466 414 551 451; x_wconf 89' lang='lat' dir='ltr'>quae</span> <span class='ocrx_word' id='word_1_38' title='bbox 570 409 607 440; x_wconf 88' lang='lat' dir='ltr'>te</span> <span class='ocrx_word' id='word_1_39' title='bbox 632 409 737 440; x_wconf 88' lang='lat' dir='ltr'>tanta</span> <span class='ocrx_word' id='word_1_40' title='bbox 759 417 870 454; x_wconf 87' lang='lat' dir='ltr'>poena</span> <span class='ocrx_word' id='word_1_41' title='bbox 894 414 1047 445; x_wconf 89' lang='lat' dir='ltr'>tuorum</span> <span class='ocrx_word' id='word_1_42' title='bbox 1074 410 1256 449; x_wconf 87' lang='lat' dir='ltr'>scelerum</span> 
     </span>
     <span class='ocr_line' id='line_1_7' title="bbox 147 449 1256 512; baseline 0.014 -25"><span class='ocrx_word' id='word_1_43' title='bbox 147 449 453 504; x_wconf 87' lang='lat' dir='ltr'>flagitiorumque</span> <span class='ocrx_word' id='word_1_44' title='bbox 473 462 596 502; x_wconf 83' lang='lat' dir='ltr'>vexet,</span> <span class='ocrx_word' id='word_1_45' title='bbox 617 464 660 493; x_wconf 92' lang='lat' dir='ltr'>ut</span> <span class='ocrx_word' id='word_1_46' title='bbox 679 456 747 495; x_wconf 92' lang='lat' dir='ltr'>hos</span> <span class='ocrx_word' id='word_1_47' title='bbox 766 458 859 496; x_wconf 84' lang='lat' dir='ltr'>tales</span> <span class='ocrx_word' id='word_1_48' title='bbox 884 460 995 508; x_wconf 83' lang='lat' dir='ltr'>viros,</span> <span class='ocrx_word' id='word_1_49' title='bbox 1017 463 1083 512; x_wconf 87' lang='lat' dir='ltr'>qui</span> <span class='ocrx_word' id='word_1_50' title='bbox 1101 475 1177 501; x_wconf 92' lang='lat' dir='ltr'>non</span> <span class='ocrx_word' id='word_1_51' title='bbox 1197 478 1256 503; x_wconf 93' lang='lat' dir='ltr'>so-</span> 
     </span>
     <span class='ocr_line' id='line_1_8' title="bbox 145 505 1255 566; baseline 0.014 -26"><span class='ocrx_word' id='word_1_52' title='bbox 145 505 230 541; x_wconf 88' lang='lat' dir='ltr'>lum</span> <span class='ocrx_word' id='word_1_53' title='bbox 249 505 412 544; x_wconf 85' lang='lat' dir='ltr'>consiliis</span> <span class='ocrx_word' id='word_1_54' title='bbox 442 508 532 556; x_wconf 92' lang='lat' dir='ltr'>suis,</span> <span class='ocrx_word' id='word_1_55' title='bbox 555 509 618 546; x_wconf 89' lang='lat' dir='ltr'>sed</span> <span class='ocrx_word' id='word_1_56' title='bbox 638 510 751 547; x_wconf 88' lang='lat' dir='ltr'>etiam</span> <span class='ocrx_word' id='word_1_57' title='bbox 770 512 891 562; x_wconf 90' lang='lat' dir='ltr'>specie</span> <span class='ocrx_word' id='word_1_58' title='bbox 907 513 1003 564; x_wconf 63' lang='lat' dir='ltr'>ipsa,</span> <span class='ocrx_word' id='word_1_59' title='bbox 1031 515 1255 566; x_wconf 88' lang='lat' dir='ltr'>dignitatem</span> 
     </span>
     <span class='ocr_line' id='line_1_9' title="bbox 146 557 1254 621; baseline 0.014 -27"><span class='ocrx_word' id='word_1_60' title='bbox 146 557 365 608; x_wconf 89' lang='lat' dir='ltr'>reipublicae</span> <span class='ocrx_word' id='word_1_61' title='bbox 384 561 582 609; x_wconf 89' lang='lat' dir='ltr'>sustinent,</span> <span class='ocrx_word' id='word_1_62' title='bbox 604 563 706 613; x_wconf 92' lang='lat' dir='ltr'>quod</span> <span class='ocrx_word' id='word_1_63' title='bbox 724 577 807 614; x_wconf 89' lang='lat' dir='ltr'>ego,</span> <span class='ocrx_word' id='word_1_64' title='bbox 823 566 863 602; x_wconf 92' lang='lat' dir='ltr'>in</span> <span class='ocrx_word' id='word_1_65' title='bbox 878 568 1063 606; x_wconf 65' lang='lat' dir='ltr'>sententia</span> <span class='ocrx_word' id='word_1_66' title='bbox 1081 570 1254 621; x_wconf 63' lang='lat' dir='ltr'>dicenda,</span> 
     </span>
     <span class='ocr_line' id='line_1_10' title="bbox 146 611 1255 673; baseline 0.014 -26"><span class='ocrx_word' id='word_1_67' title='bbox 146 611 310 650; x_wconf 88' lang='lat' dir='ltr'>salutem</span> <span class='ocrx_word' id='word_1_68' title='bbox 335 613 475 651; x_wconf 89' lang='lat' dir='ltr'>civium</span> <span class='ocrx_word' id='word_1_69' title='bbox 503 627 592 652; x_wconf 89' lang='lat' dir='ltr'>cum</span> <span class='ocrx_word' id='word_1_70' title='bbox 611 616 752 654; x_wconf 88' lang='lat' dir='ltr'>honore</span> <span class='ocrx_word' id='word_1_71' title='bbox 771 618 842 655; x_wconf 88' lang='lat' dir='ltr'>Cn.</span> <span class='ocrx_word' id='word_1_72' title='bbox 871 619 1044 671; x_wconf 90' lang='lat' dir='ltr'>Pompeii</span> <span class='ocrx_word' id='word_1_73' title='bbox 1070 625 1255 673; x_wconf 85' lang='lat' dir='ltr'>conjunx-</span> 
     </span>
     <span class='ocr_line' id='line_1_11' title="bbox 146 664 1257 718; baseline 0.012 -17"><span class='ocrx_word' id='word_1_74' title='bbox 146 664 255 712; x_wconf 89' lang='lat' dir='ltr'>erim,</span> <span class='ocrx_word' id='word_1_75' title='bbox 276 665 372 702; x_wconf 89' lang='lat' dir='ltr'>mihi</span> <span class='ocrx_word' id='word_1_76' title='bbox 401 680 480 704; x_wconf 87' lang='lat' dir='ltr'>esse</span> <span class='ocrx_word' id='word_1_77' title='bbox 498 667 625 715; x_wconf 87' lang='lat' dir='ltr'>iratos,</span> <span class='ocrx_word' id='word_1_78' title='bbox 653 677 690 706; x_wconf 88' lang='lat' dir='ltr'>et</span> <span class='ocrx_word' id='word_1_79' title='bbox 708 671 813 708; x_wconf 85' lang='lat' dir='ltr'>aliud</span> <span class='ocrx_word' id='word_1_80' title='bbox 835 671 882 710; x_wconf 90' lang='lat' dir='ltr'>de</span> <span class='ocrx_word' id='word_1_81' title='bbox 901 675 1053 713; x_wconf 71' lang='lat' dir='ltr'>summa</span> <span class='ocrx_word' id='word_1_82' title='bbox 1071 676 1142 715; x_wconf 92' lang='lat' dir='ltr'>hoc</span> <span class='ocrx_word' id='word_1_83' title='bbox 1159 686 1257 718; x_wconf 86' lang='lat' dir='ltr'>tem-</span> 
     </span>
     <span class='ocr_line' id='line_1_12' title="bbox 145 719 1254 784; baseline 0.015 -30"><span class='ocrx_word' id='word_1_84' title='bbox 145 730 238 768; x_wconf 89' lang='lat' dir='ltr'>pore</span> <span class='ocrx_word' id='word_1_85' title='bbox 269 719 450 770; x_wconf 85' lang='lat' dir='ltr'>religione</span> <span class='ocrx_word' id='word_1_86' title='bbox 483 733 671 771; x_wconf 88' lang='lat' dir='ltr'>sensuros,</span> <span class='ocrx_word' id='word_1_87' title='bbox 702 736 745 761; x_wconf 90' lang='lat' dir='ltr'>ac</span> <span class='ocrx_word' id='word_1_88' title='bbox 777 736 840 762; x_wconf 93' lang='lat' dir='ltr'>me</span> <span class='ocrx_word' id='word_1_89' title='bbox 879 727 1033 766; x_wconf 88' lang='lat' dir='ltr'>absente</span> <span class='ocrx_word' id='word_1_90' title='bbox 1061 732 1254 784; x_wconf 85' lang='lat' dir='ltr'>senserint,</span> 
     </span>
     <span class='ocr_line' id='line_1_13' title="bbox 147 771 486 810; baseline 0.006 -2"><span class='ocrx_word' id='word_1_91' title='bbox 147 771 339 810; x_wconf 84' lang='lat' dir='ltr'>arbitrere.</span> <span class='ocrx_word' id='word_1_92' title='bbox 482 771 486 774; x_wconf 71' lang='grc'><strong>’</strong></span> 
     </span>
    </p>

    <p class='ocr_par' dir='ltr' id='par_1_4' title="bbox 140 825 1256 1613">
     <span class='ocr_line' id='line_1_14' title="bbox 199 825 1256 887; baseline 0.016 -26"><span class='ocrx_word' id='word_1_93' title='bbox 199 825 337 872; x_wconf 79' lang='lat' dir='ltr'>Fuisti,</span> <span class='ocrx_word' id='word_1_94' title='bbox 366 833 422 875; x_wconf 90' lang='lat' dir='ltr'>tu,</span> <span class='ocrx_word' id='word_1_95' title='bbox 449 826 589 879; x_wconf 89' lang='lat' dir='ltr'>inquit,</span> <span class='ocrx_word' id='word_1_96' title='bbox 619 829 722 880; x_wconf 87' lang='lat' dir='ltr'>apud</span> <span class='ocrx_word' id='word_1_97' title='bbox 746 831 941 882; x_wconf 88' lang='lat' dir='ltr'>pontifices</span> <span class='ocrx_word' id='word_1_98' title='bbox 970 837 1161 887; x_wconf 87' lang='lat' dir='ltr'>superior:</span> <span class='ocrx_word' id='word_1_99' title='bbox 1192 838 1256 879; x_wconf 87' lang='lat' dir='ltr'>sed</span> 
     </span>
     <span class='ocr_line' id='line_1_15' title="bbox 140 878 1255 943; baseline 0.015 -28"><span class='ocrx_word' id='word_1_100' title='bbox 140 878 236 927; x_wconf 88' lang='lat' dir='ltr'>jam,</span> <span class='ocrx_word' id='word_1_101' title='bbox 258 880 440 930; x_wconf 88' lang='lat' dir='ltr'>quoniam</span> <span class='ocrx_word' id='word_1_102' title='bbox 459 888 495 918; x_wconf 89' lang='lat' dir='ltr'>te</span> <span class='ocrx_word' id='word_1_103' title='bbox 514 882 562 919; x_wconf 90' lang='lat' dir='ltr'>ad</span> <span class='ocrx_word' id='word_1_104' title='bbox 587 884 776 934; x_wconf 92' lang='lat' dir='ltr'>populum</span> <span class='ocrx_word' id='word_1_105' title='bbox 796 888 1001 936; x_wconf 84' lang='lat' dir='ltr'>contulisti,</span> <span class='ocrx_word' id='word_1_106' title='bbox 1023 889 1072 929; x_wconf 91' lang='lat' dir='ltr'>sis</span> <span class='ocrx_word' id='word_1_107' title='bbox 1089 891 1255 943; x_wconf 89' lang='lat' dir='ltr'>inferior,</span> 
     </span>
     <span class='ocr_line' id='line_1_16' title="bbox 144 935 1255 993; baseline 0.015 -25"><span class='ocrx_word' id='word_1_108' title='bbox 144 943 293 970; x_wconf 91' lang='lat' dir='ltr'>necesse</span> <span class='ocrx_word' id='word_1_109' title='bbox 312 941 378 972; x_wconf 90' lang='lat' dir='ltr'>est.</span> <span class='ocrx_word' id='word_1_110' title='bbox 410 935 521 973; x_wconf 86' lang='lat' dir='ltr'>Itane</span> <span class='ocrx_word' id='word_1_111' title='bbox 550 940 670 976; x_wconf 82' lang='lat' dir='ltr'>vero?</span> <span class='ocrx_word' id='word_1_112' title='bbox 700 939 802 989; x_wconf 90' lang='lat' dir='ltr'>quod</span> <span class='ocrx_word' id='word_1_113' title='bbox 820 939 860 978; x_wconf 93' lang='lat' dir='ltr'>in</span> <span class='ocrx_word' id='word_1_114' title='bbox 885 941 1062 993; x_wconf 64' lang='lat' dir='ltr'>imperita</span> <span class='ocrx_word' id='word_1_115' title='bbox 1079 946 1255 986; x_wconf 80' lang='lat' dir='ltr'>multitu-</span> 
     </span>
     <span class='ocr_line' id='line_1_17' title="bbox 143 984 1256 1050; baseline 0.016 -28"><span class='ocrx_word' id='word_1_116' title='bbox 143 984 232 1023; x_wconf 87' lang='lat' dir='ltr'>dine</span> <span class='ocrx_word' id='word_1_117' title='bbox 263 994 318 1025; x_wconf 86' lang='lat' dir='ltr'>est</span> <span class='ocrx_word' id='word_1_118' title='bbox 344 987 644 1039; x_wconf 89' lang='lat' dir='ltr'>vitiosissimum,</span> <span class='ocrx_word' id='word_1_119' title='bbox 677 992 834 1031; x_wconf 83' lang='lat' dir='ltr'>varietas</span> <span class='ocrx_word' id='word_1_120' title='bbox 868 1001 904 1032; x_wconf 88' lang='lat' dir='ltr'>et</span> <span class='ocrx_word' id='word_1_121' title='bbox 933 995 1193 1050; x_wconf 86' lang='lat' dir='ltr'>inconstantia,</span> <span class='ocrx_word' id='word_1_122' title='bbox 1218 1008 1256 1040; x_wconf 86' lang='lat' dir='ltr'>et</span> 
     </span>
     <span class='ocr_line' id='line_1_18' title="bbox 143 1041 1252 1106; baseline 0.014 -29"><span class='ocrx_word' id='word_1_123' title='bbox 143 1041 287 1090; x_wconf 85' lang='lat' dir='ltr'>crebra,</span> <span class='ocrx_word' id='word_1_124' title='bbox 326 1047 526 1093; x_wconf 87' lang='lat' dir='ltr'>tamquam</span> <span class='ocrx_word' id='word_1_125' title='bbox 562 1051 847 1095; x_wconf 87' lang='lat' dir='ltr'>tempestatum,</span> <span class='ocrx_word' id='word_1_126' title='bbox 881 1048 934 1087; x_wconf 89' lang='lat' dir='ltr'>sic</span> <span class='ocrx_word' id='word_1_127' title='bbox 967 1053 1252 1106; x_wconf 87' lang='lat' dir='ltr'>sententiarum,</span> 
     </span>
     <span class='ocr_line' id='line_1_19' title="bbox 143 1095 1254 1155; baseline 0.012 -25"><span class='ocrx_word' id='word_1_128' title='bbox 143 1095 405 1143; x_wconf 88' lang='lat' dir='ltr'>commutatio,</span> <span class='ocrx_word' id='word_1_129' title='bbox 426 1096 498 1135; x_wconf 91' lang='lat' dir='ltr'>hoc</span> <span class='ocrx_word' id='word_1_130' title='bbox 517 1104 558 1134; x_wconf 89' lang='lat' dir='ltr'>tu</span> <span class='ocrx_word' id='word_1_131' title='bbox 570 1097 618 1135; x_wconf 88' lang='lat' dir='ltr'>ad</span> <span class='ocrx_word' id='word_1_132' title='bbox 637 1098 705 1137; x_wconf 94' lang='lat' dir='ltr'>hos</span> <span class='ocrx_word' id='word_1_133' title='bbox 717 1101 932 1151; x_wconf 87' lang='lat' dir='ltr'>transferas,</span> <span class='ocrx_word' id='word_1_134' title='bbox 953 1117 1046 1155; x_wconf 91' lang='lat' dir='ltr'>quos</span> <span class='ocrx_word' id='word_1_135' title='bbox 1058 1107 1105 1144; x_wconf 91' lang='lat' dir='ltr'>ab</span> <span class='ocrx_word' id='word_1_136' title='bbox 1124 1107 1254 1146; x_wconf 87' lang='lat' dir='ltr'>incon-</span> 
     </span>
     <span class='ocr_line' id='line_1_20' title="bbox 145 1147 1254 1201; baseline 0.014 -18"><span class='ocrx_word' id='word_1_137' title='bbox 145 1147 284 1186; x_wconf 67' lang='lat' dir='ltr'>stantia</span> <span class='ocrx_word' id='word_1_138' title='bbox 302 1149 478 1199; x_wconf 85' lang='lat' dir='ltr'>gravitas,</span> <span class='ocrx_word' id='word_1_139' title='bbox 499 1164 522 1188; x_wconf 91' lang='lat' dir='ltr'>a</span> <span class='ocrx_word' id='word_1_140' title='bbox 541 1151 743 1190; x_wconf 66' lang='lat' dir='ltr'>libidinosa</span> <span class='ocrx_word' id='word_1_141' title='bbox 766 1156 952 1194; x_wconf 60' lang='lat' dir='ltr'>sententia</span> <span class='ocrx_word' id='word_1_142' title='bbox 971 1166 1115 1197; x_wconf 87' lang='lat' dir='ltr'>certum</span> <span class='ocrx_word' id='word_1_143' title='bbox 1134 1169 1171 1199; x_wconf 88' lang='lat' dir='ltr'>et</span> <span class='ocrx_word' id='word_1_144' title='bbox 1189 1162 1254 1201; x_wconf 89' lang='lat' dir='ltr'>de.</span> 
     </span>
     <span class='ocr_line' id='line_1_21' title="bbox 145 1200 1255 1262; baseline 0.016 -25"><span class='ocrx_word' id='word_1_145' title='bbox 145 1200 299 1238; x_wconf 90' lang='lat' dir='ltr'>finitum</span> <span class='ocrx_word' id='word_1_146' title='bbox 325 1203 389 1251; x_wconf 89' lang='lat' dir='ltr'>jus</span> <span class='ocrx_word' id='word_1_147' title='bbox 418 1204 660 1254; x_wconf 85' lang='lat' dir='ltr'>religionum,</span> <span class='ocrx_word' id='word_1_148' title='bbox 681 1214 846 1246; x_wconf 85' lang='lat' dir='ltr'>vetustas</span> <span class='ocrx_word' id='word_1_149' title='bbox 865 1212 1140 1262; x_wconf 82' lang='lat' dir='ltr'>exemplorum,</span> <span class='ocrx_word' id='word_1_150' title='bbox 1165 1229 1255 1255; x_wconf 87' lang='lat' dir='ltr'>auc-</span> 
     </span>
     <span class='ocr_line' id='line_1_22' title="bbox 145 1254 1256 1312; baseline 0.017 -22"><span class='ocrx_word' id='word_1_151' title='bbox 145 1254 274 1292; x_wconf 88' lang='lat' dir='ltr'>toritas</span> <span class='ocrx_word' id='word_1_152' title='bbox 286 1255 484 1294; x_wconf 88' lang='lat' dir='ltr'>literarum</span> <span class='ocrx_word' id='word_1_153' title='bbox 498 1258 912 1312; x_wconf 88' lang='lat' dir='ltr'>monimentorumque,</span> <span class='ocrx_word' id='word_1_154' title='bbox 926 1264 1086 1304; x_wconf 85' lang='lat' dir='ltr'>deterret</span> <span class='ocrx_word' id='word_1_155' title='bbox 1102 1269 1119 1305; x_wconf 67' lang='lat'>‚⁹</span> <span class='ocrx_word' id='word_1_156' title='bbox 1141 1268 1256 1310; x_wconf 90' lang='lat' dir='ltr'>Tune</span> 
     </span>
     <span class='ocr_line' id='line_1_23' title="bbox 145 1308 1255 1374; baseline 0.017 -31"><span class='ocrx_word' id='word_1_157' title='bbox 145 1319 185 1344; x_wconf 90' lang='lat' dir='ltr'>es</span> <span class='ocrx_word' id='word_1_158' title='bbox 204 1308 282 1356; x_wconf 82' lang='lat' dir='ltr'>ille,</span> <span class='ocrx_word' id='word_1_159' title='bbox 303 1308 443 1360; x_wconf 88' lang='lat' dir='ltr'>inquit,</span> <span class='ocrx_word' id='word_1_160' title='bbox 465 1324 541 1360; x_wconf 93' lang='lat' dir='ltr'>quo</span> <span class='ocrx_word' id='word_1_161' title='bbox 556 1320 707 1350; x_wconf 87' lang='lat' dir='ltr'>senatus</span> <span class='ocrx_word' id='word_1_162' title='bbox 719 1326 841 1352; x_wconf 87' lang='lat' dir='ltr'>carere</span> <span class='ocrx_word' id='word_1_163' title='bbox 860 1328 936 1353; x_wconf 90' lang='lat' dir='ltr'>non</span> <span class='ocrx_word' id='word_1_164' title='bbox 955 1319 1110 1368; x_wconf 77' lang='lat' dir='ltr'>potuit?</span> <span class='ocrx_word' id='word_1_165' title='bbox 1139 1335 1255 1374; x_wconf 90' lang='lat' dir='ltr'>quem</span> 
     </span>
     <span class='ocr_line' id='line_1_24' title="bbox 143 1361 1256 1428; baseline 0.018 -31"><span class='ocrx_word' id='word_1_166' title='bbox 143 1361 235 1398; x_wconf 89' lang='lat' dir='ltr'>boni</span> <span class='ocrx_word' id='word_1_167' title='bbox 263 1362 480 1402; x_wconf 81' lang='lat' dir='ltr'>luxerunt?</span> <span class='ocrx_word' id='word_1_168' title='bbox 510 1378 625 1415; x_wconf 90' lang='lat' dir='ltr'>quem</span> <span class='ocrx_word' id='word_1_169' title='bbox 655 1368 867 1418; x_wconf 87' lang='lat' dir='ltr'>respublica</span> <span class='ocrx_word' id='word_1_170' title='bbox 895 1369 1151 1414; x_wconf 80' lang='lat' dir='ltr'>desideravit?</span> <span class='ocrx_word' id='word_1_171' title='bbox 1180 1391 1256 1428; x_wconf 92' lang='lat' dir='ltr'>quo</span> 
     </span>
     <span class='ocr_line' id='line_1_25' title="bbox 141 1414 1255 1482; baseline 0.017 -31"><span class='ocrx_word' id='word_1_172' title='bbox 141 1414 328 1463; x_wconf 88' lang='lat' dir='ltr'>restituto,</span> <span class='ocrx_word' id='word_1_173' title='bbox 343 1420 492 1455; x_wconf 77' lang='lat' dir='ltr'>senatus</span> <span class='ocrx_word' id='word_1_174' title='bbox 512 1419 773 1458; x_wconf 85' lang='lat' dir='ltr'>auctoritatem</span> <span class='ocrx_word' id='word_1_175' title='bbox 788 1423 999 1462; x_wconf 85' lang='lat' dir='ltr'>restitutam</span> <span class='ocrx_word' id='word_1_176' title='bbox 1011 1430 1255 1482; x_wconf 86' lang='lat' dir='ltr'>putabamus,</span> 
     </span>
     <span class='ocr_line' id='line_1_26' title="bbox 142 1469 1256 1525; baseline 0.017 -21"><span class='ocrx_word' id='word_1_177' title='bbox 142 1481 262 1518; x_wconf 90' lang='lat' dir='ltr'>quam</span> <span class='ocrx_word' id='word_1_178' title='bbox 291 1469 464 1520; x_wconf 83' lang='lat' dir='ltr'>primurn</span> <span class='ocrx_word' id='word_1_179' title='bbox 491 1471 693 1511; x_wconf 85' lang='lat' dir='ltr'>adveniens</span> <span class='ocrx_word' id='word_1_180' title='bbox 723 1476 952 1525; x_wconf 78' lang='lat' dir='ltr'>prodidisti?</span> <span class='ocrx_word' id='word_1_181' title='bbox 991 1480 1180 1522; x_wconf 89' lang='lat' dir='ltr'>Nondum</span> <span class='ocrx_word' id='word_1_182' title='bbox 1208 1485 1256 1524; x_wconf 88' lang='lat' dir='ltr'>de</span> 
     </span>
     <span class='ocr_line' id='line_1_27' title="bbox 141 1522 1254 1587; baseline 0.016 -28"><span class='ocrx_word' id='word_1_183' title='bbox 141 1522 229 1560; x_wconf 68' lang='lat' dir='ltr'>mea</span> <span class='ocrx_word' id='word_1_184' title='bbox 247 1523 431 1562; x_wconf 68' lang='lat' dir='ltr'>sententia</span> <span class='ocrx_word' id='word_1_185' title='bbox 449 1524 531 1563; x_wconf 91' lang='lat' dir='ltr'>dico</span> <span class='ocrx_word' id='word_1_186' title='bbox 548 1540 558 1563; x_wconf 92' lang='lat'><strong>:</strong></span> <span class='ocrx_word' id='word_1_187' title='bbox 579 1526 827 1578; x_wconf 87' lang='lat' dir='ltr'>impudentiae</span> <span class='ocrx_word' id='word_1_188' title='bbox 838 1530 1009 1582; x_wconf 87' lang='lat' dir='ltr'>primum</span> <span class='ocrx_word' id='word_1_189' title='bbox 1020 1537 1254 1587; x_wconf 87' lang='lat' dir='ltr'>respondebo</span> 
     </span>
     <span class='ocr_line' id='line_1_28' title="bbox 143 1580 232 1613; baseline 0 0"><span class='ocrx_word' id='word_1_190' title='bbox 143 1580 232 1613; x_wconf 80' lang='lat' dir='ltr'>tuae.</span> 
     </span>
    </p>

    <p class='ocr_par' dir='ltr' id='par_1_5' title="bbox 132 1629 1248 2114">
     <span class='ocr_line' id='line_1_29' title="bbox 194 1629 1248 1692; baseline 0.016 -25"><span class='ocrx_word' id='word_1_191' title='bbox 194 1629 278 1668; x_wconf 89' lang='grc' dir='ltr'>ΙΙΙ.</span> <span class='ocrx_word' id='word_1_192' title='bbox 309 1630 428 1670; x_wconf 90' lang='lat' dir='ltr'>Hunc</span> <span class='ocrx_word' id='word_1_193' title='bbox 445 1632 575 1683; x_wconf 87' lang='lat' dir='ltr'>igitur,</span> <span class='ocrx_word' id='word_1_194' title='bbox 595 1634 746 1674; x_wconf 88' lang='lat' dir='ltr'>funesta</span> <span class='ocrx_word' id='word_1_195' title='bbox 763 1637 978 1689; x_wconf 85' lang='lat' dir='ltr'>reipublicae</span> <span class='ocrx_word' id='word_1_196' title='bbox 995 1642 1124 1692; x_wconf 89' lang='lat' dir='ltr'>pestis,</span> <span class='ocrx_word' id='word_1_197' title='bbox 1145 1644 1248 1686; x_wconf 90' lang='lat' dir='ltr'>hunc</span> 
     </span>
     <span class='ocr_line' id='line_1_30' title="bbox 138 1684 1247 1745; baseline 0.016 -25"><span class='ocrx_word' id='word_1_198' title='bbox 138 1689 182 1720; x_wconf 91' lang='lat' dir='ltr'>tu</span> <span class='ocrx_word' id='word_1_199' title='bbox 201 1684 321 1722; x_wconf 91' lang='lat' dir='ltr'>civem</span> <span class='ocrx_word' id='word_1_200' title='bbox 339 1685 451 1734; x_wconf 87' lang='lat' dir='ltr'>ferro,</span> <span class='ocrx_word' id='word_1_201' title='bbox 473 1694 509 1724; x_wconf 87' lang='lat' dir='ltr'>et</span> <span class='ocrx_word' id='word_1_202' title='bbox 527 1688 656 1735; x_wconf 84' lang='lat' dir='ltr'>armis,</span> <span class='ocrx_word' id='word_1_203' title='bbox 677 1697 713 1727; x_wconf 91' lang='lat' dir='ltr'>et</span> <span class='ocrx_word' id='word_1_204' title='bbox 732 1692 913 1731; x_wconf 72' lang='lat' dir='ltr'>exercitus</span> <span class='ocrx_word' id='word_1_205' title='bbox 932 1701 1082 1745; x_wconf 88' lang='lat' dir='ltr'>terrore,</span> <span class='ocrx_word' id='word_1_206' title='bbox 1103 1705 1140 1735; x_wconf 87' lang='lat' dir='ltr'>et</span> <span class='ocrx_word' id='word_1_207' title='bbox 1157 1712 1247 1739; x_wconf 88' lang='lat' dir='ltr'>con-</span> 
     </span>
     <span class='ocr_line' id='line_1_31' title="bbox 135 1737 1243 1804; baseline 0.015 -30"><span class='ocrx_word' id='word_1_208' title='bbox 135 1737 266 1775; x_wconf 91' lang='lat' dir='ltr'>sulum</span> <span class='ocrx_word' id='word_1_209' title='bbox 288 1739 437 1786; x_wconf 90' lang='lat' dir='ltr'>scelere,</span> <span class='ocrx_word' id='word_1_210' title='bbox 465 1747 501 1778; x_wconf 90' lang='lat' dir='ltr'>et</span> <span class='ocrx_word' id='word_1_211' title='bbox 524 1741 861 1783; x_wconf 87' lang='lat' dir='ltr'>audacissimorum</span> <span class='ocrx_word' id='word_1_212' title='bbox 885 1746 1085 1787; x_wconf 87' lang='lat' dir='ltr'>hominum</span> <span class='ocrx_word' id='word_1_213' title='bbox 1113 1752 1243 1804; x_wconf 88' lang='lat' dir='ltr'>minis,</span> 
     </span>
     <span class='ocr_line' id='line_1_32' title="bbox 135 1793 1244 1858; baseline 0.014 -31"><span class='ocrx_word' id='word_1_214' title='bbox 135 1803 329 1829; x_wconf 90' lang='lat' dir='ltr'>se1vorum</span> <span class='ocrx_word' id='word_1_215' title='bbox 359 1793 520 1841; x_wconf 87' lang='lat' dir='ltr'>delectu,</span> <span class='ocrx_word' id='word_1_216' title='bbox 565 1797 775 1836; x_wconf 89' lang='lat' dir='ltr'>obsessione</span> <span class='ocrx_word' id='word_1_217' title='bbox 810 1801 1054 1851; x_wconf 88' lang='lat' dir='ltr'>templorum,</span> <span class='ocrx_word' id='word_1_218' title='bbox 1085 1816 1244 1858; x_wconf 86' lang='lat' dir='ltr'>occupa-</span> 
     </span>
     <span class='ocr_line' id='line_1_33' title="bbox 134 1844 1241 1907; baseline 0.015 -26"><span class='ocrx_word' id='word_1_219' title='bbox 134 1844 237 1883; x_wconf 92' lang='lat' dir='ltr'>tione</span> <span class='ocrx_word' id='word_1_220' title='bbox 265 1846 350 1892; x_wconf 88' lang='lat' dir='ltr'>fori,</span> <span class='ocrx_word' id='word_1_221' title='bbox 385 1848 623 1898; x_wconf 89' lang='lat' dir='ltr'>oppressione</span> <span class='ocrx_word' id='word_1_222' title='bbox 652 1851 778 1899; x_wconf 89' lang='lat' dir='ltr'>curiae,</span> <span class='ocrx_word' id='word_1_223' title='bbox 816 1852 929 1892; x_wconf 91' lang='lat' dir='ltr'>domo</span> <span class='ocrx_word' id='word_1_224' title='bbox 959 1862 995 1893; x_wconf 90' lang='lat' dir='ltr'>et</span> <span class='ocrx_word' id='word_1_225' title='bbox 1021 1858 1158 1907; x_wconf 65' lang='lat' dir='ltr'>patria,</span> <span class='ocrx_word' id='word_1_226' title='bbox 1191 1873 1241 1901; x_wconf 91' lang='lat' dir='ltr'>ne</span> 
     </span>
     <span class='ocr_line' id='line_1_34' title="bbox 133 1899 1238 1963; baseline 0.016 -28"><span class='ocrx_word' id='word_1_227' title='bbox 133 1910 223 1936; x_wconf 89' lang='lat' dir='ltr'>cum</span> <span class='ocrx_word' id='word_1_228' title='bbox 242 1899 424 1950; x_wconf 91' lang='lat' dir='ltr'>improbis</span> <span class='ocrx_word' id='word_1_229' title='bbox 448 1902 536 1939; x_wconf 93' lang='lat' dir='ltr'>boni</span> <span class='ocrx_word' id='word_1_230' title='bbox 554 1902 653 1941; x_wconf 88' lang='lat' dir='ltr'>ferro</span> <span class='ocrx_word' id='word_1_231' title='bbox 674 1904 908 1956; x_wconf 88' lang='lat' dir='ltr'>dimicarent,</span> <span class='ocrx_word' id='word_1_232' title='bbox 929 1909 1057 1948; x_wconf 89' lang='lat' dir='ltr'>cedere</span> <span class='ocrx_word' id='word_1_233' title='bbox 1076 1911 1238 1963; x_wconf 65' lang='lat' dir='ltr'>cur55t13</span> 
     </span>
     <span class='ocr_line' id='line_1_35' title="bbox 133 1959 1242 2016; baseline 0.016 -28"><span class='ocrx_word' id='word_1_234' title='bbox 133 1964 250 2002; x_wconf 90' lang='lat' dir='ltr'>quem</span> <span class='ocrx_word' id='word_1_235' title='bbox 282 1966 306 1990; x_wconf 91' lang='lat' dir='ltr'>a</span> <span class='ocrx_word' id='word_1_236' title='bbox 334 1962 479 2002; x_wconf 85' lang='lat' dir='ltr'>senatu,</span> <span class='ocrx_word' id='word_1_237' title='bbox 514 1969 627 2006; x_wconf 92' lang='lat' dir='ltr'>quem</span> <span class='ocrx_word' id='word_1_238' title='bbox 662 1971 685 1995; x_wconf 92' lang='lat' dir='ltr'>a</span> <span class='ocrx_word' id='word_1_239' title='bbox 714 1959 821 1998; x_wconf 90' lang='lat' dir='ltr'>bonis</span> <span class='ocrx_word' id='word_1_240' title='bbox 851 1962 1041 2012; x_wconf 88' lang='lat' dir='ltr'>omnibus,</span> <span class='ocrx_word' id='word_1_241' title='bbox 1073 1978 1188 2016; x_wconf 90' lang='lat' dir='ltr'>quem</span> <span class='ocrx_word' id='word_1_242' title='bbox 1217 1983 1242 2008; x_wconf 87' lang='lat' dir='ltr'>a</span> 
     </span>
     <span class='ocr_line' id='line_1_36' title="bbox 133 2005 1238 2073; baseline 0.016 -31"><span class='ocrx_word' id='word_1_243' title='bbox 133 2005 270 2044; x_wconf 60' lang='lat' dir='ltr'>cuncta</span> <span class='ocrx_word' id='word_1_244' title='bbox 296 2007 425 2055; x_wconf 59' lang='lat' dir='ltr'>Italia,</span> <span class='ocrx_word' id='word_1_245' title='bbox 455 2009 722 2059; x_wconf 85' lang='lat' dir='ltr'>desideratum,</span> <span class='ocrx_word' id='word_1_246' title='bbox 746 2015 977 2064; x_wconf 85' lang='lat' dir='ltr'>arcessitum,</span> <span class='ocrx_word' id='word_1_247' title='bbox 1007 2027 1238 2073; x_wconf 82' lang='lat' dir='ltr'>revocatum,</span> 
     </span>
     <span class='ocr_line' id='line_1_37' title="bbox 132 2061 1014 2114; baseline 0.014 -18"><span class='ocrx_word' id='word_1_248' title='bbox 132 2061 395 2100; x_wconf 84' lang='lat' dir='ltr'>conservandae</span> <span class='ocrx_word' id='word_1_249' title='bbox 413 2062 630 2114; x_wconf 75' lang='lat' dir='ltr'>reipublicae</span> <span class='ocrx_word' id='word_1_250' title='bbox 647 2066 773 2114; x_wconf 67' lang='lat' dir='ltr'>causa,</span> <span class='ocrx_word' id='word_1_251' title='bbox 793 2068 979 2107; x_wconf 86' lang='lat' dir='ltr'>confiteris</span> <span class='ocrx_word' id='word_1_252' title='bbox 996 2072 1014 2108; x_wconf 84' lang='lat'>?</span> 
     </span>
    </p>

    <p class='ocr_par' dir='ltr' id='par_1_6' title="bbox 127 2114 1234 2231">
     <span class='ocr_line' id='line_1_38' title="bbox 185 2114 1234 2176; baseline 0.012 -26"><span class='ocrx_word' id='word_1_253' title='bbox 185 2114 245 2151; x_wconf 85' lang='lat' dir='ltr'>At</span> <span class='ocrx_word' id='word_1_254' title='bbox 275 2114 378 2153; x_wconf 91' lang='lat' dir='ltr'>enim</span> <span class='ocrx_word' id='word_1_255' title='bbox 408 2115 449 2153; x_wconf 91' lang='lat' dir='ltr'>in</span> <span class='ocrx_word' id='word_1_256' title='bbox 479 2124 654 2156; x_wconf 89' lang='lat' dir='ltr'>senatum</span> <span class='ocrx_word' id='word_1_257' title='bbox 684 2120 823 2169; x_wconf 85' lang='lat' dir='ltr'>venire,</span> <span class='ocrx_word' id='word_1_258' title='bbox 850 2121 890 2159; x_wconf 89' lang='lat' dir='ltr'>in</span> <span class='ocrx_word' id='word_1_259' title='bbox 914 2122 1147 2176; x_wconf 86' lang='lat' dir='ltr'>Capitolium</span> <span class='ocrx_word' id='word_1_260' title='bbox 1175 2128 1234 2167; x_wconf 87' lang='lat' dir='ltr'>in-</span> 
     </span>
     <span class='ocr_line' id='line_1_39' title="bbox 127 2168 1233 2231; baseline 0.017 -28"><span class='ocrx_word' id='word_1_261' title='bbox 127 2171 240 2215; x_wconf 82' lang='lat' dir='ltr'>trare,</span> <span class='ocrx_word' id='word_1_262' title='bbox 272 2168 490 2209; x_wconf 86' lang='lat' dir='ltr'>turbulento</span> <span class='ocrx_word' id='word_1_263' title='bbox 521 2171 588 2210; x_wconf 92' lang='lat' dir='ltr'>illo</span> <span class='ocrx_word' id='word_1_264' title='bbox 616 2171 677 2211; x_wconf 86' lang='lat' dir='ltr'>die</span> <span class='ocrx_word' id='word_1_265' title='bbox 706 2169 786 2213; x_wconf 72' lang='lat' dir='ltr'>non=</span> <span class='ocrx_word' id='word_1_266' title='bbox 811 2175 988 2216; x_wconf 82' lang='lat' dir='ltr'>debuisti.</span> <span class='ocrx_word' id='word_1_267' title='bbox 1027 2179 1115 2231; x_wconf 88' lang='lat' dir='ltr'>Ego</span> <span class='ocrx_word' id='word_1_268' title='bbox 1146 2194 1233 2223; x_wconf 88' lang='lat' dir='ltr'>vero</span> 
     </span>
    </p>
   </div>
  </div>
 </body>
</html>
