1425 2334
342 112 456 152 PRO
484 110 707 151 SEXTIO.
738 115 841 150 CAP.
864 114 926 150 (in.
1108 114 1186 151 323

86 219 186 258 sium
207 218 326 269 pluris
354 217 429 254 fuit
451 217 683 265 Hannibale,
704 218 872 264 consilio,
899 219 1049 266 virtute,
1081 219 1192 256 rebus

84 270 224 322 gestis;
253 270 321 321 qui
345 282 446 307 unus
471 283 560 308 cum
585 278 642 308 tot
665 272 952 322 imperatoribus
977 272 1110 309 nostris
1129 285 1195 323 per

85 331 142 362 tot
154 335 272 361 annos
284 322 331 361 de
340 323 499 374 imperio
511 330 548 360 et
559 322 606 360 de
619 324 737 372 gloria
752 324 953 362 decertavit
966 327 982 363 Ρ
1005 325 1123 363 Hunc
1134 325 1193 362 sui

88 377 187 415 cives
205 389 226 414 e
243 376 392 414 civitate
410 377 622 425 ejecerunt;
653 387 734 421 nos,
758 378 870 414 etiam
895 378 1055 424 hostem,
1074 378 1191 416 literis

87 429 224 469 nostris
242 436 279 467 et
297 429 478 468 memoria
493 429 665 467 videmus
681 441 759 465 esse
776 431 1016 468 celebratum.

141 483 274 530 Quare
295 483 491 520 imitemur
515 489 658 520 nostros
686 482 841 529 Brutos,
869 484 1064 530 Camillos,
1083 484 1193 522 Aha-

85 536 154 584 las,
175 536 326 583 Decios,
347 536 497 583 Curios,
527 534 732 581 Fabricios,
757 534 967 582 Maximos,
986 537 1190 587 Scipiones,

86 589 288 637 Lentulos,
319 589 512 636 AEmilios,
543 587 836 626 innumerabiles
867 587 972 635 alios,
1004 590 1069 639 qui
1096 590 1194 629 hanc

86 643 362 694 rempublicam
391 643 676 686 stabilivemnt3
705 652 800 691 quos
827 640 1003 691 equidem
1030 641 1070 679 in
1091 642 1194 681 Deo-

88 708 176 734 rum
195 696 470 734 immortalium
489 703 585 733 coetu
597 707 640 732 ac
651 706 810 732 numero
823 705 974 744 repono.
1004 694 1195 733 Amemus

87 749 277 800 patriam3
297 762 497 801 pareamus
509 748 679 793 senatui;
701 747 941 785 consulamus
951 747 1079 785 bonis:
1101 762 1197 799 prae-

89 810 211 841 sentes
228 803 373 842 fructus
391 802 629 853 negligamus
644 815 654 846 3
683 799 907 852 posteritatis
919 800 1047 850 gloriae
1059 802 1196 839 servia-

87 868 194 894 mus:
234 856 274 894 id
299 869 376 895 esse
400 855 590 907 optimum
611 862 803 906 putemus,
822 853 925 905 quod
947 853 1017 890 erit
1039 854 1197 893 rectissi-

88 921 198 947 mum
215 924 225 947 ε
247 923 453 962 speremus,
470 922 556 960 quae
570 909 771 952 volumus3
793 906 871 953 sed,
893 906 995 957 quod
1009 907 1196 955 acciderit,

87 962 254 1001 feramus
267 978 277 1001 ι
300 963 506 1013 cogitemus
518 961 692 1012 denique,
706 973 840 1011 corpus
849 960 1016 997 virorum
1028 960 1197 1007 fortium,

89 1028 394 1067 magnorumque
418 1015 634 1063 hominum,
659 1027 736 1052 esse
761 1013 945 1058 mortale;
975 1013 1094 1051 animi
1112 1027 1199 1052 vero

90 1077 231 1117 motus,
245 1078 282 1108 et
296 1069 444 1108 virtutis
459 1068 633 1118 gloriam,
645 1067 932 1118 sempiternam:
953 1078 1090 1117 neque,
1102 1067 1200 1105 hanc

91 1122 309 1173 opinionem
327 1123 359 1160 si
373 1122 413 1159 in
431 1123 498 1159 illo
516 1121 750 1159 sanctissimo
763 1119 930 1157 Hercule
948 1127 1201 1158 consecratam

91 1175 279 1224 videmus,
299 1177 408 1225 cujus
426 1187 577 1226 corpore
595 1175 784 1220 ambusto,
797 1173 915 1211 vitam
934 1174 1015 1221 ejus
1034 1180 1070 1210 et
1084 1173 1202 1211 virtu-

91 1235 168 1266 tem
190 1229 454 1268 immortalitas
479 1228 666 1278 excepisse
687 1227 837 1271 dicitur,
861 1226 988 1263 minus
1011 1225 1202 1264 existime-

93 1294 182 1320 mus
199 1295 275 1329 eos,
295 1282 363 1334 qui
379 1283 477 1320 hanc
495 1289 640 1319 tantam
659 1279 932 1330 rempublicam
952 1278 1029 1316 suis
1041 1279 1204 1317 consiliis

95 1347 139 1373 ac
155 1335 348 1374 laboribus
366 1342 433 1373 aut
451 1334 639 1382 auxerint,
652 1340 719 1371 aut
736 1332 983 1379 defenderint,
997 1338 1063 1369 aut
1077 1334 1202 1371 serva-

94 1388 184 1436 rint,
205 1401 284 1428 esse
301 1388 556 1426 immortalem
575 1387 734 1438 gloriam
753 1394 981 1424 consecutos.

150 1443 306 1480 LXIX.
327 1441 403 1481 Sed
419 1454 482 1479 me
493 1448 659 1492 repente,
677 1439 836 1489 judices,
852 1439 898 1476 de
912 1438 1203 1478 fortissimorum

95 1507 133 1537 et
151 1496 443 1535 clarissimorum
463 1495 602 1533 civium
616 1493 799 1544 dignitate
817 1499 854 1530 et
872 1491 991 1542 gloria
1002 1491 1203 1539 dicentem,

95 1558 133 1589 et
150 1550 262 1601 plura
279 1549 394 1587 etiam
418 1547 539 1586 dicere
556 1554 767 1599 parantem,
791 1546 930 1583 horum
949 1546 1146 1595 adspectus
1165 1546 1204 1584 in

96 1605 180 1656 ipso
212 1615 323 1640 cursu
351 1601 530 1640 orationis
561 1600 748 1652 repressit.
787 1598 911 1636 Video
943 1599 990 1636 P.
1014 1599 1203 1645 Sextium,

95 1668 191 1696 meae
208 1655 353 1702 salutiS,
366 1662 498 1693 vestrae
515 1653 758 1701 auctoritatis,
773 1652 935 1704 publicae
946 1664 1068 1690 causae
1079 1651 1207 1690 defen-

98 1721 237 1757 sorem,
253 1715 588 1759 propugnatorem,
605 1715 810 1754 auctnrem,
825 1718 935 1744 reum
951 1720 961 1742 :
984 1704 1093 1742 video
1105 1705 1207 1743 hunc

100 1768 368 1815 praetextatum
387 1762 469 1810 ejus
485 1761 609 1798 filium
623 1760 741 1798 oculis
753 1758 1051 1809 lacrymantibus
1068 1770 1131 1795 me
1149 1759 1208 1795 in-

100 1822 297 1855 tuentem:
326 1813 435 1852 video
453 1814 657 1860 Milonem,
669 1813 857 1851 vindicem
869 1819 998 1850 vestrae
1012 1811 1207 1858 libertatis,

100 1869 294 1909 custodem
313 1866 443 1905 salutis
460 1878 569 1915 meae,
588 1866 800 1904 subsidium
814 1865 962 1902 afflictae
980 1864 1208 1914 reipublicae,

102 1922 368 1962 exstinctorem
389 1920 583 1958 domestici
608 1919 808 1966 latrocinii,
835 1929 1082 1968 repressorem
1101 1917 1211 1954 caedis

105 1975 347 2028 quotidianae,
373 1973 605 2011 defensorem
624 1973 854 2024 templorum
880 1979 993 2021 atque
1010 1976 1210 2015 tectorum,

104 2027 323 2080 prasidium
336 2027 462 2074 curiae,
475 2025 707 2064 sordidatum
720 2033 757 2063 et
774 2037 880 2062 reum
896 2038 906 2060 ι
929 2023 1035 2060 video
1048 2022 1093 2059 P.
1111 2022 1213 2061 Len-

106 2082 248 2128 tulum,
274 2081 382 2130 cujus
400 2092 469 2130 ego
486 2086 632 2130 patrem
651 2079 783 2117 Deum
808 2089 850 2115 ac
872 2083 1064 2127 parentem
1092 2083 1214 2114 statuo

108 2135 270 2173 fortunae
288 2147 330 2172 ac
350 2133 514 2170 nominis
531 2132 622 2178 mei,
638 2139 675 2170 et
693 2131 830 2177 fratris,
851 2141 1052 2179 rerumque
1072 2137 1214 2166 nostra-

109 2201 210 2234 rum,
231 2188 270 2225 in
289 2187 358 2224 hoc
387 2186 522 2224 misero
544 2186 717 2236 squalore
741 2192 776 2222 et
802 2182 996 2225 sordibus;
1027 2181 1087 2219 cui
1107 2195 1216 2233 supe-
