1425 2334
289 86 402 126 PRO
430 86 600 126 DOMO
629 87 749 126 SUA.
780 85 883 126 CAP.
913 87 950 131 7.
1089 86 1163 124 133

66 192 222 231 numine
251 206 318 232 suo
346 194 508 232 reditum
537 206 668 231 meum
696 193 860 231 dicerent
890 193 1163 244 comprobasse.

70 246 261 284 Nonnulli
278 255 405 285 autem
420 248 525 284 illam
538 260 617 284 rem
630 247 678 284 ad
696 246 802 283 illam
822 246 1004 284 rationem
1025 248 1169 295 conjec-

70 306 270 351 turamque
289 302 525 347 revocabant,
547 300 626 350 qui,
647 300 749 350 quod
777 299 816 336 in
835 312 920 337 meo
944 299 1064 337 reditu
1085 312 1168 350 spes

69 352 136 389 otii
164 361 201 390 et
230 354 433 391 concordiae
462 354 532 391 sita
557 353 764 399 videbatur,
789 352 828 389 in
853 352 1013 390 discessu
1040 360 1167 390 autem

70 407 310 456 quotidianus
329 406 517 444 seditionis
535 406 660 453 timor,
678 408 759 455 jam
777 418 885 456 paene
903 406 993 443 belli
1011 406 1168 456 depulso

68 466 188 506 metu,
222 467 492 498 commutatam
521 471 709 497 annonam
741 459 937 497 dicebant.
969 472 1053 509 quae
1080 458 1170 509 quia

71 525 201 550 rursus
219 512 257 550 in
276 525 362 550 meo
391 513 514 550 reditu
537 512 635 550 facta
653 520 730 550 erat
754 512 894 554 durior,
915 525 938 549 a
965 524 1040 559 me,
1062 513 1170 560 cujus

68 565 231 603 adventu
254 565 333 604 fore
355 566 536 604 vilitatem
562 566 651 603 boni
673 565 743 604 viri
768 565 996 612 dictitarant,
1021 577 1172 603 annona

69 618 321 669 flagitabatur.

124 672 224 710 VII.
252 673 338 724 Ego
357 672 519 723 denique
538 684 613 710 non
640 672 762 710 solum
783 673 830 709 ab
850 671 970 723 operis
990 672 1078 719 tuis,
1098 671 1172 708 im-

70 725 183 775 pulsu
214 733 294 772 tuo,
320 727 569 770 nominabar;
600 725 663 763 sed
689 725 801 763 etiam
822 725 1004 776 (depulsis
1023 738 1064 763 ac
1094 724 1172 761 dis-

70 777 200 828 sipatis
219 779 293 816 tuis
317 779 448 830 copiis)
479 792 501 816 a
530 779 670 829 populo
694 779 870 816 Romano
889 778 1076 825 universo,
1105 778 1172 827 qui

71 838 154 868 turn
181 832 219 869 in
244 832 475 883 Capitolium
500 842 735 877 convenerat,
762 844 848 869 cum
868 831 934 869 illo
967 831 1026 868 die
1045 830 1172 868 minus

72 885 250 931 valerem,
270 885 494 923 nominatim
525 885 563 922 in
585 893 757 923 senatum
777 886 946 922 vocabar.
976 884 1077 921 Veni
1107 897 1173 921 ex-

73 945 271 988 spectatus.
301 938 441 976 Multis
461 939 651 976 sententiis
666 940 747 987 jam
767 938 888 985 dictis,
916 946 1067 987 rogatus
1086 949 1171 974 sum

72 992 308 1029 sententiam.
348 991 444 1029 Dixi
479 992 693 1042 reipublicae
739 991 1038 1037 saluberrimam,
1076 990 1173 1027 mihi

72 1045 327 1082 neeessariam.
358 1045 561 1082 Petebatur
579 1058 602 1082 a
623 1057 684 1081 me
708 1044 889 1082 frumenti
914 1044 1033 1094 copia,
1055 1055 1172 1080 anno-

73 1110 133 1135 nae
150 1097 297 1143 vilitas;
327 1098 433 1149 quasi
462 1110 609 1148 possem
628 1097 772 1148 aliquid
797 1097 836 1134 in
856 1095 898 1135 ea
927 1110 966 1134 re
984 1095 1170 1147 gerenda:

73 1162 149 1188 non
167 1151 387 1189 habebatur.
416 1151 448 1189 F
450 1151 634 1201 lagitabar
647 1152 833 1188 bonorum
846 1150 1143 1200 expostulatione
1160 1163 1170 1186 z

72 1204 332 1254 improborum
361 1204 526 1242 convicia
545 1204 724 1242 sustinere
742 1215 818 1241 non
846 1212 1026 1254 poteram.
1057 1202 1172 1240 Dele-

73 1257 160 1308 gavi
178 1257 299 1296 amico
312 1257 561 1308 locupletiori,
588 1269 663 1295 non
684 1269 760 1307 quo
786 1256 856 1303 illi,
876 1257 928 1294 ita
946 1256 992 1293 de
1011 1269 1073 1293 me
1090 1268 1170 1292 me-

72 1311 158 1358 rito,
202 1323 297 1349 onus
326 1311 423 1349 illud
461 1311 694 1361 imponerem
729 1310 1024 1350 (succubuissem
1071 1309 1173 1346 enim

71 1364 198 1415 potius
220 1364 344 1415 ipse);
373 1364 437 1402 sed
463 1364 554 1415 quia
580 1363 768 1409 videbam,
797 1363 866 1409 (id,
894 1362 995 1414 quod
1024 1368 1170 1408 omnes)

72 1417 176 1468 quod
206 1429 274 1456 nos
306 1418 352 1456 de
381 1418 452 1456 Cn.
479 1417 662 1468 Pompeio
690 1416 966 1467 polliceremur,
996 1415 1036 1452 id
1060 1415 1171 1452 illum

73 1470 160 1518 fide,
180 1471 348 1518 consilio,
369 1471 520 1518 virtute,
551 1470 784 1517 auctoritate,
805 1469 980 1508 felicitate
1009 1468 1173 1519 denique

72 1524 157 1571 sua,
177 1524 355 1562 facillime
372 1524 641 1575 perfecturum.

127 1578 277 1638 Itaque,
308 1578 384 1617 sive
414 1577 517 1616 hunc
546 1577 615 1615 Dii
645 1577 875 1615 immortales
903 1576 1069 1614 fructum
1094 1574 1171 1612 mei

72 1629 212 1669 reditus
239 1632 382 1682 populo
410 1631 587 1669 Romano
616 1631 803 1677 tribuunt,
837 1638 894 1677 ut,
925 1628 1172 1680 quemadmo-

72 1683 167 1721 dum
198 1683 360 1722 discessu
387 1697 471 1722 meo
496 1684 653 1735 frugum
678 1684 819 1735 inopia,
846 1683 977 1729 fames,
1005 1681 1171 1729 vastitas,

75 1736 207 1783 caedes,
236 1737 422 1784 incendia,
445 1737 600 1789 rapinae,
628 1738 807 1775 scelerum
826 1736 1044 1787 impunitas,
1064 1735 1171 1784 fuga,

72 1789 250 1837 formido,
270 1789 452 1829 discordia
469 1790 625 1836 fuisset3
655 1790 720 1838 sic,
751 1790 871 1828 reditu
903 1801 1000 1834 meo,
1021 1789 1172 1825 ubertas

74 1855 266 1893 agrorum,
286 1843 441 1894 frugum
466 1844 586 1895 copia,
607 1857 689 1894 spes
714 1843 794 1891 otii,
815 1841 1066 1893 tranquillitas
1093 1841 1176 1878 ani-

75 1908 242 1956 morum,
269 1896 425 1944 judicia,
461 1897 576 1948 leges,
614 1897 809 1935 concordia
839 1895 986 1946 populi,
1025 1896 1174 1932 senatus

76 1949 289 1996 auctoritas,
320 1962 471 1988 mecum
500 1950 615 1988 simul
645 1950 798 1988 reducta
833 1949 1056 1986 videantur.
1099 1947 1177 1984 sive

77 2010 226 2052 egomet
254 2003 398 2053 aliquid
423 2004 585 2041 adventu
618 2016 718 2051 meo,
749 2002 914 2048 oonsilio,
942 2000 1173 2045 auctoritate,

79 2055 288 2106 diligentia,
309 2069 378 2106 pro
406 2063 511 2095 tanto
540 2056 719 2095 beneficio
737 2055 869 2107 populi
897 2053 1063 2092 Romani
1081 2065 1178 2102 prae-

76 2115 174 2145 stare
203 2108 332 2156 debui,
361 2117 510 2160 praesto,
539 2110 731 2161 promitto,
751 2108 940 2160 spondeo:
970 2106 1066 2144 nihil
1095 2105 1177 2142 dico

77 2161 268 2212 amplius:
299 2162 383 2209 hoc,
416 2162 520 2214 quod
551 2163 639 2202 satis
671 2172 727 2201 est
758 2162 847 2200 huic
876 2159 1051 2211 tempori,
1080 2157 1178 2205 dico,

129 2215 278 2264 (Orat.)
300 2226 327 2252 v
333 2226 403 2253 οι.
427 2227 498 2253 111.
879 2225 907 2251 N
