1425 2334
280 119 393 158 PRO
424 119 593 158 DOMO
622 120 743 157 SUA.
773 120 876 157 Cam.
907 121 970 156 53.
1102 121 1175 164 179

82 237 284 273 censorem,
304 225 352 264 de
372 225 480 276 signo
498 224 716 263 Concordiae
745 225 965 273 dedicando,
992 226 1040 263 ad
1058 228 1182 279 ponti-

84 279 198 317 ficum
217 279 419 330 collegium
437 278 620 324 retulisse,
640 278 749 329 eique
768 278 828 315 Μ.
849 279 1071 341 J'Emilium,
1089 293 1184 331 pon-

83 333 221 370 tificem
239 332 468 378 maximum,
480 343 549 382 pro
567 331 724 381 collegio
737 332 982 382 respondisse,
1002 334 1074 370 nisi
1093 347 1182 371 eum

83 386 247 436 populus
266 386 464 423 Romanus
478 384 702 422 nominatim
720 384 956 435 praefecisset,
977 393 1090 437 atque
1101 388 1183 435 eJ‘us

81 440 190 487 jussu
225 438 377 485 faceret,
407 450 483 476 non
512 437 630 475 videri
665 451 708 475 ea
737 444 834 476 recte
865 451 972 489 posse
1008 439 1184 477 dedicari.

84 492 205 539 Quid,
224 504 314 530 cum
329 491 490 538 Licinia,
509 491 614 542 virgo
633 491 809 537 Vestalis,
826 504 975 530 summo
988 493 1069 530 loco
1081 500 1183 540 nata,

87 545 319 583 sanctissimo
349 544 550 583 sacerdotio
579 544 749 595 praedita,
781 545 830 582 T.
870 545 1101 593 Flaminino,
1131 546 1183 593 Q.

86 598 261 647 Metello,
277 598 508 645 consulibus,
524 611 643 644 aram,
660 604 696 636 et
715 597 926 645 aediculam,
940 606 977 636 et
994 599 1184 649 pulvinar,

88 653 159 690 sub
178 652 279 690 Saxo
298 652 411 690 Sacro
430 650 652 695 dedicassem
679 663 755 689 non
775 664 859 689 eam
878 664 973 698 rem,
994 665 1040 690 ex
1059 660 1186 691 aucto-

87 705 196 743 ritate
214 707 377 752 senatus,
398 704 446 742 ad
474 705 546 742 hoc
564 705 764 755 collegium
784 705 870 742 Sex.
902 705 1034 743 Julius
1051 713 1188 757 praetor

88 758 247 796 retulit?
276 770 363 796 cum
394 758 439 795 P.
471 758 650 805 Scaevola,
683 757 853 808 pontifex
883 758 1088 806 maximus,
1119 772 1188 810 pro

89 811 246 861 collegio
273 811 478 862 respondit,
510 811 611 861 quod
647 811 686 848 in
719 811 801 849 loco
836 811 987 862 publico
1024 812 1186 860 Licinia,

90 864 174 902 caii
193 864 314 911 filia,
304 865 450 913 injussu
476 863 608 915 populi
630 863 846 910 dedicasset,
867 877 1013 902 sacrum
1039 878 1114 902 non
1134 866 1189 903 vi-

89 916 181 955 deri.
210 916 341 964 Quam
360 917 515 968 quidem
534 929 613 955 rem
637 917 780 968 quanta
804 917 1009 964 severitate,
1030 919 1191 969 quanta-

91 983 166 1021 que
193 970 402 1021 diligentia,
433 977 583 1008 senatus
605 971 811 1017 sustulerit,
844 983 890 1008 ex
914 971 996 1021 ipso
1025 975 1192 1010 senatus-

92 1023 261 1062 consulto
271 1023 380 1061 facile
393 1023 630 1074 cognoscetis.
652 1023 785 1062 Recita
796 1026 1191 1063 senatus-consultum.

416 1109 863 1158 (Senatzis-consultum.)

146 1183 355 1230 Videtisne,
384 1184 535 1235 praetori
564 1185 708 1222 urbano
739 1184 933 1234 negotium
970 1185 1117 1232 datum,
1151 1194 1195 1224 ut

93 1244 252 1285 curaret,
272 1249 320 1274 ne
338 1237 377 1274 id
396 1250 543 1275 sacrum
563 1244 656 1275 esset
673 1239 690 1275 Ρ
719 1244 756 1274 et
774 1244 830 1285 ut,
851 1237 883 1275 si
895 1251 980 1288 quae
999 1248 1119 1277 essent
1136 1240 1195 1277 in-

93 1290 178 1328 cisae
204 1296 270 1328 aut
288 1290 475 1341 inscriptae
496 1290 626 1338 literae,
653 1290 905 1329 tollerentur?
935 1290 972 1329 O
996 1294 1191 1353 tempora!

95 1356 118 1382 o
136 1344 285 1381 mores!
316 1343 423 1381 Tum
453 1356 657 1390 censorem,
677 1343 870 1381 hominem
901 1345 1194 1393 sanctissimum,

96 1396 339 1435 simulacrum
361 1397 578 1435 Concordiae
596 1397 765 1435 dedicare
783 1397 1004 1447 pontifices
994 1411 1033 1436 m
1053 1400 1196 1451 templo

96 1450 319 1501 inaugurato
349 1450 646 1501 prohibuerunt·
682 1457 767 1500 post
802 1457 930 1488 autem
961 1460 1124 1500 senatus,
1157 1454 1197 1491 in

98 1504 180 1541 loco
204 1510 364 1554 augusto
383 1510 648 1551 consecratam,
669 1515 753 1541 eam
778 1516 884 1541 aram
910 1504 1130 1554 tollendam,
1151 1520 1198 1545 ex

99 1556 318 1594 auctoritate
354 1556 591 1608 pontificum,
619 1557 788 1601 censuit,
778 1570 787 1579 ·
824 1569 948 1608 neque
985 1559 1109 1597 ullum
1146 1567 1201 1598 est

97 1622 228 1660 passus
247 1622 294 1647 ex
313 1623 357 1648 ea
374 1609 604 1648 dedicatione
614 1609 808 1648 literarum
827 1617 971 1648 exstare
988 1612 1202 1651 monimen-

102 1669 212 1700 tum:
243 1669 299 1707 tu,
319 1663 497 1722 procella.
507 1663 652 1713 patriae,
682 1665 794 1701 turbo
812 1676 854 1700 ac
880 1671 1081 1715 tempestas
1099 1667 1202 1717 pacis

101 1722 215 1765 atque
243 1715 324 1762 otii,
354 1716 457 1766 quod
487 1716 527 1752 in
559 1715 756 1766 naufragio
786 1717 1014 1767 reipublicae,
1040 1721 1202 1758 tenebris

101 1767 244 1814 offusis,
264 1768 432 1806 demerso
444 1769 586 1820 populo
600 1770 790 1816 Romano,
811 1782 937 1808 everso
955 1778 1068 1822 atque
1088 1774 1204 1821 ejecto

103 1829 248 1866 senatu,
278 1821 450 1868 dirueris,
481 1820 686 1868 aedificaris,
709 1822 888 1872 religione
917 1825 1021 1861 omni
1050 1825 1202 1874 violata,

104 1873 320 1924 reipublicae
350 1881 501 1912 tantum
529 1875 683 1912 nomine
712 1875 1005 1914 contaminaris·
994 1905 1006 1921 ,
1047 1878 1085 1914 in
1116 1879 1206 1917 civis

104 1927 262 1975 hujusce
281 1926 438 1974 aedibus,
462 1935 499 1965 et
516 1928 557 1965 in
581 1929 675 1966 urbe
700 1941 817 1979 quam
844 1929 920 1967 suis
947 1930 1138 1969 laboribus
1163 1945 1206 1971 ac

105 1979 281 2031 periculis
313 1980 577 2027 conservasset,
608 1981 887 2019 monimentum
919 1982 1050 2020 deletae
1082 1985 1207 2035 reipu-

106 2032 216 2071 blicae
234 2032 440 2080 collocaris,
471 2034 519 2071 ad
547 2032 761 2086 [equitum]
792 2042 937 2081 notam,
961 2036 1009 2073 ad
1041 2036 1207 2076 dolorem

108 2088 296 2124 bonorum
327 2087 515 2132 omnium,
547 2087 770 2138 sublatoque
802 2087 854 2134 Q.
886 2087 1014 2127 Catuli
1043 2091 1208 2137 nomine,

109 2138 307 2187 incideris;
337 2139 375 2177 id
405 2139 560 2190 sperasti
588 2140 859 2190 rempublicam
891 2140 1047 2189 diutius,
1079 2156 1209 2194 quam,
