1425 2334
419 74 532 113 PRO
558 74 754 113 SULLA.
785 75 889 113 CAP.
911 77 947 112 2.
1182 76 1231 111 45>

173 181 235 219 Ac
245 181 412 232 primum
420 182 487 219 abs
498 188 535 219 te
546 181 655 227 illud,
671 180 933 232 L.Torquate,
943 194 1085 232 quaero,
1095 193 1161 218 cur
1171 192 1235 217 me

129 246 154 271 a
171 235 310 272 caeteris
335 234 546 272 clarissimis
565 234 652 272 viris
678 248 720 272 ac
751 235 983 285 principibus
1001 234 1173 280 civitatis,
1194 234 1234 270 in

130 286 200 324 hoc
218 287 338 325 officio
357 294 470 338 atque
488 287 527 324 in
547 287 771 325 defensionis
787 290 885 336 jure,
910 300 1087 326 secernas.
1126 287 1233 333 Quid

130 341 230 377 enirn
241 349 308 387 est,
323 343 568 391 quamobrem
583 343 649 378 abs
661 348 696 378 te
711 341 762 387 Q.
780 341 973 378 Hortensii
988 341 1144 385 facturn,
1159 341 1235 377 cla-

129 393 265 430 rissimi
278 394 346 431 viri
361 401 474 444 atque
485 394 711 431 ornatissimi
723 395 826 438 civis,
840 407 914 431 non
928 393 1233 445 reprehendatur,

130 447 423 496 reprehendatur
438 449 594 485 meum?
625 448 743 495 Nam,
758 448 788 485 si
807 447 945 485 initum
964 455 1018 484 est
1037 446 1234 483 consilium

127 512 150 536 a
170 500 214 536 P.
236 500 344 538 Sulla
362 500 642 537 inflammandae
657 501 828 547 civitatis,
845 501 960 549 hujus
972 499 1236 549 exstinguendi

130 553 293 603 imperii,
314 553 481 591 delendae
499 554 601 590 urbis
617 567 627 598 ;
658 554 753 591 mihi
775 555 957 602 majorem
977 553 1036 590 hae
1055 566 1110 590 res
1129 552 1234 589 dolo-

127 619 222 653 rem,
243 619 359 657 quam
379 607 429 653 Q.
452 607 672 654 Hortensio,
690 607 784 644 mihi
802 609 926 656 majus
940 606 1084 652 odium,
1105 605 1235 643 afferre

126 659 296 697 debent?
326 672 455 696 meum
478 660 639 711 denique
664 660 815 710 gravius
838 673 913 698 esse
939 659 1142 709 judicium,
1168 658 1234 708 qui

128 712 364 761 adjuvandus
382 713 421 749 in
440 713 498 751 his
523 714 656 760 causis,
677 714 744 764 qui
762 713 1054 764 oppugnandus,
1084 712 1151 762 qui
1169 712 1234 748 de<

129 765 351 814 fendendus,
372 767 436 817 qui
457 766 695 813 deserendus,
716 780 793 804 esse
813 768 1014 804 videatur?

184 819 242 856 ΙΙ.
272 819 347 866 Ita,
367 820 501 870 inquit.
541 820 605 856 Tu
632 820 732 857 enim
761 819 1006 869 investigasti,
1027 826 1069 856 tu
1087 817 1229 869 patefe-

128 872 224 919 cisti,
245 873 553 920 conjurationem.
592 873 708 919 Quod
731 886 818 910 eum
838 873 941 919 dicit,
966 884 1038 910 non
1060 871 1232 918 attendit,

129 937 232 972 eum,
252 926 318 976 qui
336 926 562 976 patefecerit,
583 926 653 963 hoc
672 927 833 973 curasse,
854 934 898 963 ut
922 925 960 962 id
980 938 1109 962 omnes
1128 924 1233 961 vide-

127 986 224 1026 rent,
241 979 342 1029 quod
361 987 470 1016 antea
487 978 617 1016 fuisset
635 979 836 1017 occultum.
867 979 996 1026 Quare
1014 978 1085 1015 ista
1103 978 1234 1026 conju-

129 1032 237 1078 ratio,
258 1032 288 1069 si
310 1031 494 1081 patefacta
517 1045 583 1082 per
608 1045 670 1069 me
697 1040 765 1079 est,
789 1040 867 1069 tam
891 1039 993 1082 patet
1014 1031 1231 1077 Hortensio,

128 1097 245 1135 quam
263 1085 370 1122 mihi.
400 1085 529 1132 Quem
549 1098 637 1122 cum
657 1085 796 1132 videas,
817 1086 887 1122 hoe
906 1085 1058 1131 honore,
1073 1083 1234 1121 auctori-

124 1145 213 1184 tate,
234 1138 383 1183 virtute,
404 1138 557 1175 consilio
574 1138 790 1188 praeditum,
812 1151 885 1175 non
910 1137 1114 1182 dubitasse,
1139 1136 1232 1187 quin

127 1191 365 1229 innocentem
389 1191 434 1228 P.
455 1191 603 1229 Sullam
628 1191 868 1236 defenderet3
899 1203 1041 1242 quaero,
1065 1203 1143 1236 cur,
1164 1189 1232 1239 qui

127 1244 251 1282 aditus
270 1244 318 1281 ad
337 1257 488 1281 causam
515 1244 718 1282 Hortensio
743 1245 919 1294 patuerit,
939 1243 1035 1281 mihi
1054 1243 1231 1280 interclu-

126 1310 189 1334 sus
209 1310 285 1335 esse
303 1297 483 1335 debuerit.
514 1297 656 1343 Quaero
675 1297 770 1334 illud
790 1298 917 1345 etiam,
939 1297 969 1334 si
988 1309 1063 1342 me,
1080 1295 1147 1346 qui
1165 1295 1231 1332 de-

124 1350 250 1396 fendo,
272 1350 620 1401 reprehendendum
642 1357 754 1401 putas
777 1363 869 1397 esse,
897 1350 990 1401 quid
1012 1350 1165 1387 tandem
1185 1348 1231 1385 de

124 1403 184 1441 his
201 1403 390 1441 existimes
410 1404 568 1441 summis
581 1404 667 1441 viris
680 1411 716 1441 et
735 1404 946 1441 clarissimis
965 1403 1122 1449 civibus,
1138 1415 1233 1453 quo-

125 1469 211 1494 rum
235 1457 357 1494 studio
380 1464 417 1494 et
443 1457 625 1507 dignitate
650 1457 826 1494 celebrari
850 1457 921 1494 hoc
942 1456 1145 1505 judicium,
1172 1467 1232 1491 or-

124 1510 207 1548 nari
221 1523 387 1556 causam,
403 1509 553 1548 defendi
571 1510 686 1559 hujus
705 1510 971 1556 innocentiam,
988 1509 1090 1546 vides
1103 1511 1120 1546 Ρ
1140 1509 1234 1545 Non

124 1563 225 1600 enim
251 1575 329 1600 una
350 1570 405 1600 est
426 1564 521 1601 ratio
544 1563 768 1600 defensionis
793 1576 849 1607 ea,
870 1576 956 1613 quae
978 1562 1099 1612 posita
1118 1569 1172 1599 est
1190 1561 1231 1597 in

126 1616 316 1654 oratione:
347 1628 491 1664 omnes,
511 1616 579 1667 qui
603 1616 753 1663 adsunt,
775 1616 842 1666 qui
862 1617 1048 1662 laborant,
1073 1615 1140 1665 qui
1158 1614 1232 1652 sal-

126 1681 218 1707 vum
243 1669 391 1716 volunt,
414 1682 483 1720 pro
508 1669 577 1707 sua
604 1676 709 1720 parte
731 1676 844 1720 atque
866 1669 1085 1706 auctoritate
1103 1667 1232 1704 defen-

126 1722 235 1760 duna

176 1777 245 1812 An
263 1788 364 1821 vero,
377 1776 417 1813 in
436 1775 574 1827 quibus
589 1775 775 1813 subselliis
785 1776 868 1813 haec
884 1780 1104 1812 ornamenta
1115 1787 1158 1812 ac
1171 1774 1232 1810 lu-

123 1828 229 1865 mina
246 1828 459 1878 reipublicae
472 1828 648 1875 viderem,
665 1828 704 1866 in
723 1829 782 1866 his
800 1841 862 1866 me
876 1841 1054 1879 apparere
1072 1827 1228 1871 nollem,

125 1893 287 1931 quorum
308 1894 376 1931 ego
393 1882 507 1932 opera
524 1881 634 1919 illum
654 1882 832 1919 inlocum
852 1889 966 1932 atque
983 1881 1022 1918 in
1041 1881 1140 1918 hanc
1158 1880 1231 1917 cel-

123 1934 309 1972 sissimam
328 1934 454 1973 sedem
472 1935 663 1985 dignitatis
675 1942 788 1985 atque
805 1934 970 1981 honoris,
986 1933 1117 1971 multis
1135 1932 1229 1969 meis

125 1999 170 2024 ae
186 1987 334 2036 magnis
351 1987 542 2026 laboribus
560 1995 597 2026 et
614 1987 803 2038 perieulis,
819 1987 1092 2026 adscendissem
1109 1988 1126 2024 ἒ
1154 1985 1230 2021 At-

125 2052 214 2090 que,
234 2046 279 2076 ut
301 2038 501 2091 intelligas,
521 2040 730 2091 Torquate,
756 2053 872 2091 quem
894 2052 1055 2087 accuseS,
1076 2038 1107 2076 si
1129 2044 1165 2074 te
1187 2037 1227 2074 id

124 2092 294 2139 offendit,
313 2093 415 2144 quod
434 2106 517 2144 ego,
537 2094 603 2145 qui
621 2094 693 2131 hoc
713 2106 848 2144 genere
865 2091 1080 2144 quaestionis
1099 2090 1228 2127 defen-

123 2145 244 2185 ‹lerim
263 2145 467 2195 neminem,
495 2159 570 2185 non
589 2146 707 2185 desim
730 2146 774 2184 Ρ.
794 2147 937 2192 Sullae;
966 2143 1155 2184 recordare
1178 2141 1225 2181 de
