1435 2328
198 87 250 125 64
470 84 583 124 PRO
612 82 809 124 SULLA.
840 84 944 122 CAP.
975 83 1040 122 20.

193 195 253 232 At
263 193 416 245 praefuit
426 193 582 232 familiae
593 192 803 231 Cornelius.
832 191 860 229 J
864 204 940 238 am,
957 190 990 228 si
1001 191 1041 228 in
1053 189 1307 241 comparanda

194 246 341 286 familia
351 247 513 299 suspicio
528 255 583 285 est
597 247 706 285 nulla
718 260 730 291 3
761 245 864 297 quod
876 244 1045 296 praefuit,
1058 243 1156 281 nihil
1167 243 1216 281 ad
1226 256 1307 281 rem

192 302 367 352 pertinet.
397 301 473 340 Sed
488 309 615 339 tamen
634 312 792 338 munere
811 298 937 337 servili
955 298 1094 336 obtulit
1112 310 1150 335 se
1169 297 1218 335 ad
1235 297 1310 335 fer·

194 363 366 393 ramenta
377 354 658 406 prospicienda:
679 353 833 405 praefuit
847 364 934 390 vero
945 364 1168 402 nunquam3
1189 363 1310 402 eaque

194 422 252 446 res
270 422 338 460 per
357 410 541 457 Balbum,
562 408 697 446 Fausti
714 408 911 454 libertum,
931 405 1037 444 omni
1055 412 1223 456 tempore
1242 404 1309 442 ad-

195 462 409 500 ministrata
428 470 494 501 est.

247 516 343 554 XX.
364 519 423 554 At
434 517 535 554 enim
549 516 704 554 Cincius
720 522 775 553 est
789 516 836 552 ab
851 513 973 552 hocin
985 512 1203 551 ulteriorem
1216 511 1311 549 His-

194 569 349 620 paniam
364 570 518 617 missus,
539 577 583 607 ut
598 583 681 607 eam
695 568 929 619 provinciam
941 568 1191 618 perturbaret.
1224 565 1310 603 Pri-

194 626 305 660 mum
326 624 495 671 Cincius,
514 623 673 673 judices,
695 623 742 660 L.
763 622 887 668 Julio,
904 621 949 659 C.
972 620 1125 671 Figulo,
1147 619 1309 657 consuli-

194 679 281 725 bus,
302 678 492 728 profectus
512 684 568 714 est
587 677 782 727 aliquanto
811 682 898 713 ante
926 675 1094 712 furorem
1118 673 1308 721 Catilinae,

196 738 233 768 et
251 738 338 768 ante
361 731 612 782 suspicionem
637 730 753 778 hujus
777 727 1069 777 conjurationis:
1101 727 1237 765 deinde
1256 734 1312 765 est

194 784 386 835 profectus
405 797 481 822 non
501 791 585 821 tum
603 784 788 834 primum,
809 782 874 820 sed
896 795 984 819 cum
1010 781 1049 818 in
1068 781 1203 819 iisdem
1220 780 1312 819 locis

195 838 392 889 aliquanto
404 846 504 886 ante,
519 837 651 875 eadem
665 837 711 874 de
726 850 792 874 cau
798 837 852 883 sa,
867 835 1013 886 aliquot
1023 847 1141 872 annos
1152 834 1285 872 fuisset
1299 848 1309 872 :

194 904 238 929 ac
257 892 446 942 profectus
461 898 530 939 est,
550 904 627 929 non
645 890 760 928 modo
779 892 827 928 ob
847 901 1014 936 causam,
1035 888 1101 926 sed
1112 888 1227 926 etiam
1245 901 1314 926 ne-

195 946 395 983 cessariam
426 959 594 991 causam,
627 944 770 995 magna
788 943 932 982 ratione
958 955 1047 980 cum
1067 942 1314 980 Mauritaniae

196 1011 284 1049 rege
302 1000 503 1037 contracta.
533 999 641 1037 Tum
660 1005 803 1044 autem,
823 997 890 1034 illo
907 996 1088 1048 profecto,
1104 996 1213 1034 Sulla
1223 1009 1312 1046 pro-

197 1060 352 1091 curante
373 1055 454 1103 ejus
471 1067 552 1091 rem
572 1060 608 1090 et
623 1059 790 1103 gerente,
804 1050 981 1102 plurimis
997 1057 1034 1088 et
1047 1049 1312 1100 pulcherrimis

198 1107 245 1145 P.
268 1107 390 1144 Cincii
409 1107 561 1158 praediis
587 1105 761 1152 venditis,
789 1118 838 1142 aes
857 1104 1027 1142 alienum
1047 1103 1216 1151 ejusdem
1236 1103 1314 1140 dis-

198 1161 366 1199 solutum
387 1168 465 1199 est:
496 1167 553 1209 ut,
575 1174 661 1211 quae
690 1172 802 1196 causa
820 1165 970 1196 caeteros
989 1157 1038 1194 ad
1064 1156 1211 1194 facinus
1239 1156 1314 1194 im-

197 1215 312 1265 pulit,
333 1215 518 1265 cupiditas
540 1212 743 1251 tetinendae
760 1211 1016 1263 possessionis,
1033 1224 1077 1248 ea
1089 1210 1222 1249 Cincio
1236 1223 1313 1248 non

198 1268 326 1315 fuerit,
347 1268 498 1320 praediis
517 1266 735 1305 deminutis.

253 1323 281 1360 J
284 1335 348 1359 am
373 1335 460 1360 vero
489 1321 583 1358 illud
616 1333 734 1371 quam
764 1318 983 1358 incredibile
999 1319 1008 1357 !
1040 1331 1158 1369 quam
1181 1319 1314 1356 absur-

199 1376 294 1413 dum
311 1376 320 1410 !
352 1375 416 1426 qui
439 1376 575 1412 Romae
594 1373 735 1413 caedem
754 1374 888 1420 facere,
911 1372 977 1424 qui
991 1373 1090 1410 hanc
1108 1374 1242 1410 urbem
1257 1372 1316 1409 in-

199 1430 397 1467 flammare
416 1429 542 1475 vellet,
576 1441 665 1466 eum
692 1426 1034 1465 familiarissimum
1054 1439 1167 1464 suum
1187 1426 1317 1464 dimit-

199 1490 277 1521 tere
296 1485 343 1520 ab
356 1496 407 1531 se,
429 1490 466 1520 et
483 1482 666 1520 mandare
679 1481 720 1519 in
734 1481 890 1519 ultimas
903 1488 1019 1518 terras
1035 1480 1043 1517 !
1077 1486 1222 1526 utrum,
1239 1492 1316 1530 quo

199 1537 347 1575 facilius
367 1538 504 1574 Romae
522 1549 578 1583 ea,
592 1549 679 1587 quae
698 1537 917 1582 conabatur,
934 1533 1108 1580 efficeret,
1125 1533 1156 1570 si
1170 1533 1211 1570 in
1223 1533 1318 1571 His-

200 1591 317 1641 pani&⁴
335 1593 532 1628 turbatum
552 1596 645 1628 esset
661 1591 678 1628 Ρ
707 1590 766 1627 At
776 1589 858 1626 haec
876 1588 959 1638 ipsa
977 1600 1043 1638 per
1062 1600 1115 1634 se,
1137 1586 1217 1625 sine
1235 1587 1318 1625 ulla

200 1644 476 1693 conjunctione,
494 1645 714 1694 agebantur.
744 1643 812 1680 An
831 1642 871 1678 in
883 1640 997 1679 tantis
1011 1642 1137 1686 rebus,
1154 1647 1233 1678 tam
1248 1652 1318 1678 no·-

201 1698 257 1736 vis
276 1697 455 1744 consiliis,
475 1704 554 1734 tam
573 1696 805 1748 periculosis,
830 1702 909 1732 tam
930 1693 1172 1740 turbulentis,
1192 1693 1318 1732 homi-

200 1764 290 1789 nem
310 1751 616 1789 amantissimum
632 1750 704 1796 sui,
717 1747 1072 1793 familiarissimum,
1088 1747 1318 1797 conjunctis-

202 1805 343 1842 simum
363 1805 506 1851 officiis,
528 1817 616 1849 usu,
646 1802 930 1848 consuetudine,
951 1801 1222 1838 dimittendum
1238 1814 1317 1839 esse

203 1859 448 1896 arbitraretur
466 1860 482 1896 Ρ
523 1857 742 1896 Verisimile
753 1869 829 1894 non
843 1862 912 1903 est,
932 1861 989 1902 ut,
1004 1867 1119 1906 quem
1131 1854 1171 1891 in
1184 1867 1317 1892 secun-

202 1913 260 1949 dis
280 1914 405 1959 rebus,
438 1925 554 1963 quem
583 1911 622 1948 in
654 1911 743 1955 otio,
775 1921 904 1947 secum
931 1921 1079 1959 semper
1106 1908 1316 1956 habuisset,

201 1966 305 2003 hunc
326 1965 367 2002 in
397 1965 573 2011 adversis,
595 1972 631 2001 et
649 1964 689 2001 in
709 1976 752 2001 eo
777 1962 947 2000 tumultu
975 1974 1091 2013 quem
1115 1962 1196 2012 ipse
1214 1975 1317 2000 com-

202 2021 374 2071 parabat,
391 2021 438 2056 ab
457 2032 496 2057 Se
515 2018 732 2056 dimitteret.
1170 2035 1174 2038 ·

258 2073 349 2124 Ipse
367 2080 494 2110 autem
516 2072 670 2110 Cincius
690 2075 784 2114 (non
803 2070 905 2108 enim
923 2069 1020 2107 mihi
1039 2068 1243 2107 deserenda
1260 2076 1317 2107 est

205 2139 318 2165 causa
335 2127 447 2164 amici
466 2126 600 2164 veteris
618 2132 733 2176 atque
746 2124 920 2175 hospitis)
939 2124 971 2161 is
982 2124 1098 2161 homo
1109 2129 1178 2170 est,
1194 2128 1261 2159 aut
1272 2122 1318 2160 e‘a

203 2180 350 2218 familia
368 2193 411 2218 ac
428 2179 641 2231 disciplina,
662 2186 706 2216 ut
723 2179 795 2217 hoc
807 2177 906 2216 credi
923 2177 1056 2228 possit,
1070 2188 1159 2214 eum
1170 2176 1316 2213 bellum

206 2233 423 2285 reipublicae
441 2234 562 2272 facere
573 2233 768 2272 voluisse?
797 2238 855 2280 ut,
876 2232 985 2280 cujus
1002 2237 1123 2282 pater,
1144 2241 1231 2267 cum
1247 2242 1318 2266 cae-
