1455 2343
268 91 346 127 252
501 89 613 129 PRO
644 89 911 128 PLANCIO.
942 89 1046 127 CAP.
1073 90 1138 127 35.

264 196 341 235 fere
371 197 589 248 repudiatis,
620 205 665 235 ut
691 197 739 235 ad
767 209 833 235 nos
860 198 1050 249 pleraeque
1073 193 1278 243 confluant,
1305 190 1373 245 qui

264 250 410 288 miseris
429 258 466 289 et
482 251 738 289 laborantibus
756 251 853 288 nihil
870 263 1006 301 negare
1024 261 1236 300 possumus.
1364 290 1368 293 .

318 304 567 342 Admonuisti
586 305 713 352 etiam,
733 305 836 355 quod
854 305 893 341 in
914 304 1028 342 Creta
1052 302 1198 349 fuisses,
1225 299 1372 352 aliquid

265 356 306 394 in
324 358 541 407 petitionem
569 366 675 395 tuam
701 359 774 396 dici
796 359 985 409 potuisse3
1015 370 1077 394 me
1095 357 1135 394 id
1153 354 1382 408 perdidisse.v

265 411 362 449 Uter
386 411 501 462 igitur
525 414 694 449 nostrum
718 420 771 449 est
793 412 963 463 cupidior
983 410 1100 448 dicti?
1129 422 1260 460 egone,
1287 408 1368 459 qui,

264 462 368 515 quod
386 465 458 503 dici
472 465 609 516 potuit,
626 478 701 503 non
721 465 906 511 dlxerim3
937 476 986 502 an
1004 471 1060 512 tu,
1074 464 1142 515 qui
1160 463 1274 501 etiam
1292 462 1375 512 ipse

264 518 305 555 in
324 525 360 555 te
378 518 516 556 dixeris
534 521 550 556 Ρ
591 518 651 555 Te
670 519 793 556 aiebas
812 518 858 556 de
876 518 951 556 tuis
974 519 1086 555 rebus
1111 516 1224 567 gestis
1245 516 1371 553 nullas

263 571 389 609 literas
407 572 565 618 misisse,
587 572 689 622 quod
707 572 804 609 mihi
821 585 930 618 meae,
946 584 1041 622 quas
1054 570 1102 608 ad
1117 571 1283 622 aliquem
1297 570 1376 607 mi·-

266 625 411 673 sissem,
424 625 631 663 obfuissent
644 639 654 662 2
686 639 780 676 quas
799 638 867 676 ego
880 625 978 662 mihi
990 623 1155 662 obfuisse
1168 636 1244 662 non
1258 623 1375 661 intel-⁷

265 678 343 729 ligo
359 692 371 723 3
402 678 617 729 reipublicae
636 679 744 717 video
762 679 935 729 prodesse
953 677 1128 729 potuisse.

318 730 496 769 XXXV.
527 732 603 770 Sed
621 739 710 770 sunt
726 732 807 770 haec
822 732 984 770 leviora:
1014 731 1082 769 illa
1098 743 1186 769 vero
1199 730 1371 781 graviora

265 792 379 836 atque
390 798 546 836 magna,
563 785 666 836 quod
684 798 813 823 meum
833 785 1053 832 discessum,
1067 797 1183 835 quem
1199 798 1296 836 saepe
1307 784 1373 822 de·-

263 839 387 885 fleras,
408 851 510 877 nunc
528 839 637 890 quasi
655 839 926 890 reprehendere
944 845 981 876 et
999 839 1244 876 subaccusare
1263 839 1378 876 volu--

263 891 337 930 isti.
380 892 526 930 Dixisti
544 892 660 941 enim,
680 905 756 930 non
775 892 965 930 auxilium
982 891 1093 939 mihi,
1114 891 1178 930 sed
1195 904 1258 930 me
1275 905 1375 929 aux-1

261 945 341 991 ilio,
362 945 536 984 defuisse.
565 947 652 997 Ego
671 960 758 985 vero
775 946 894 984 fateor
914 945 1174 993 (mehercule),
1195 945 1298 996 quod
1316 946 1372 983 vi-

262 999 384 1037 derim
402 999 500 1037 mihi
519 1000 707 1037 auxilium
725 1013 802 1038 non
821 1000 960 1047 deesse,
980 999 1116 1037 idcirco
1127 1011 1190 1036 me
1201 999 1257 1036 illi
1276 1012 1373 1037 aux-

260 1052 327 1090 ilio
341 1053 558 1104 pepercisse.
589 1053 670 1101 Qui
684 1053 786 1091 enim
797 1060 930 1099 status,
943 1052 1045 1104 quod
1057 1052 1271 1100 discrimen,
1285 1066 1372 1104 quae

261 1106 377 1144 fuerit
394 1107 433 1143 in
453 1107 648 1158 republica
666 1115 866 1159 tempestas
883 1107 962 1153 illa,
984 1106 1069 1158 quis
1090 1106 1239 1144 nescit?
1282 1107 1372 1144 Tri-

263 1159 439 1198 bunicius
457 1173 520 1198 me
540 1168 670 1209 terror,
698 1173 747 1198 an
771 1160 975 1199 consularis
993 1160 1112 1207 furor,
1131 1159 1279 1198 movit?
1307 1160 1373 1199 de-

262 1220 403 1251 certare
421 1214 518 1252 mihi
536 1214 634 1252 ferro
652 1227 838 1265 magnum
855 1214 931 1252 fuit
942 1226 1030 1252 cum
1041 1213 1209 1264 reliqniis
1224 1227 1371 1263 eorum,-

261 1279 356 1317 quos
370 1280 439 1315 ego
457 1267 630 1306 florentes
649 1275 763 1318 atque
780 1268 944 1318 integros
963 1267 1042 1305 sine
1061 1266 1159 1304 ferro
1177 1267 1338 1305 viceram
1353 1271 1371 1306 ?

262 1321 461 1368 Consules,
481 1329 567 1371 post
582 1321 784 1359 hominum
809 1320 1033 1359 memoriam
1058 1320 1239 1358 teterrimi
1256 1328 1372 1372 atque

261 1373 484 1424 turpissimi,
501 1375 596 1412 sicut
611 1382 647 1412 et
660 1375 726 1412 illa
744 1374 942 1425 principia,
963 1381 1000 1411 et
1016 1372 1058 1410 hi
1068 1380 1231 1411 recentes
1243 1387 1370 1413 rerum

263 1427 401 1473 exitus,
422 1427 672 1472 declararunt,
698 1432 879 1478 (quorum
898 1427 993 1465 alter
1022 1427 1228 1465 exercitum
1247 1428 1372 1479 perdi-

262 1479 331 1526 dit,
353 1481 446 1518 alter
465 1481 664 1528 vendidit),
695 1481 804 1518 emtis
829 1480 1044 1531 provinciiS,
1065 1493 1088 1518 a
1105 1488 1250 1529 senatu,
1272 1495 1294 1520 a
1313 1495 1372 1521 re·-

261 1532 429 1584 publica,
451 1547 473 1571 a
490 1534 597 1572 bonis
623 1535 813 1582 omnibus,
837 1534 1058 1572 defecerant.
1101 1533 1182 1581 Qui
1201 1536 1372 1574 exerciti-

260 1588 346 1631 bus,
368 1587 435 1637 qui
450 1588 577 1634 armis,
598 1589 665 1639 qui
683 1588 818 1638 opibus
836 1587 1048 1639 plurimum
1062 1594 1248 1638 poterant,
1269 1602 1372 1637 cum,

263 1640 357 1690 quid
380 1641 573 1688 sentirent,
601 1641 817 1689 nesciretur,
844 1640 993 1678 furialis
1016 1639 1083 1678 illa
1101 1654 1190 1688 vox,
1220 1643 1372 1682 nefariis

263 1693 418 1744 stupris,
434 1694 615 1744 religiosis
630 1695 825 1741 altaribus,
843 1694 1070 1742 effeminata,
1085 1707 1212 1732 secum
1231 1703 1268 1734 et
1285 1696 1370 1735 illos

263 1754 301 1784 et
319 1747 489 1785 consules
508 1748 641 1794 facere,
667 1748 903 1786 acerbissime
927 1749 1163 1799 personabat.
1202 1748 1370 1799 Egentes

262 1800 302 1838 in
321 1800 539 1851 locupletes,
560 1802 698 1852 perditi
716 1802 755 1839 in
775 1803 906 1850 bonos,
931 1801 1026 1840 servi
1043 1801 1083 1838 in
1102 1801 1290 1852 dominos,
1310 1816 1370 1842 ar-

262 1855 477 1892 mabantur.
521 1855 668 1893 Aderat
684 1868 837 1893 mecum
856 1862 1021 1903 senatus,
1042 1861 1078 1892 et
1095 1855 1252 1906 quidem
1271 1863 1372 1896 veste

262 1907 412 1945 mutata
427 1921 439 1953 ς
470 1908 573 1959 quod
590 1921 659 1960 pro
669 1921 732 1947 me
746 1921 824 1947 uno
838 1916 924 1960 post
934 1909 1135 1946 hominum
1146 1910 1371 1949 memoriam

261 1961 415 2011 publico
440 1962 594 2000 consilio
619 1970 836 2013 susceptum
862 1969 928 2000 est.
971 1962 1047 2000 Sed
1074 1962 1279 2011 recordare,
1304 1965 1372 2015 qui

264 2022 347 2051 tum
367 2014 521 2061 fuerint,
549 2017 747 2053 consulum
776 2016 944 2063 nomine,
974 2015 1098 2053 hostes
1115 2029 1126 2061 ;
1158 2016 1225 2067 qui
1243 2017 1311 2054 soli
1329 2017 1370 2055 in

262 2068 333 2105 hac
348 2069 442 2106 urbe
461 2076 632 2106 senatum
648 2069 792 2107 senatui
808 2083 938 2120 parere
951 2081 1028 2107 non
1040 2069 1220 2117 siverunt,
1234 2070 1371 2113 edicto-

263 2135 338 2172 que
357 2134 424 2159 suo
443 2134 519 2160 non
536 2123 683 2161 luctum
702 2123 872 2174 patribus
892 2122 1124 2173 conscriptis,
1154 2123 1220 2161 sed
1248 2124 1372 2162 luctus

263 2174 413 2223 iudicia,
435 2176 668 2225 ademerunt.
697 2176 843 2215 Aderat
862 2189 1012 2226 mecum
1032 2183 1188 2232 cunctus
1203 2186 1373 2229 equester
