1425 2334
298 97 409 137 PRo
438 96 606 136 Dono
635 96 755 135 sUA.
786 96 889 134 cup.
911 97 974 141 ‘27-
1105 75 1181 133 '153

86 202 185 253 leges
216 215 412 255 moresque
440 204 642 252 majorum,
673 211 825 249 temere,
859 204 1086 249 turbulente,
1117 214 1184 253 per

86 255 177 302 vim,
197 269 263 307 per
280 256 459 303 furorem,
486 270 562 295 esse
580 264 707 306 gesta:
738 255 839 307 quod
858 256 888 293 si
910 256 975 293 illa
993 257 1055 293 lex
1075 263 1182 300 esset,

87 320 155 346 nec
172 309 307 347 referre
325 310 372 348 ad
391 318 561 348 senatum
580 309 760 355 consules,
781 321 849 346 nec
879 308 1098 346 sententiam
1127 307 1184 344 di-

86 374 166 399 cere
184 362 254 400 sibi
271 363 404 401 licere:
434 375 597 414 quorum
624 369 829 412 utrumque
856 374 943 398 cum
969 362 1086 407 fieret,
1107 373 1181 398 non

83 422 264 465 oportere,
285 422 328 453 ut
345 416 392 454 de
409 428 471 454 me
489 416 549 453 lex
564 415 734 463 ferretur,
755 414 927 461 decerni3
948 427 995 452 ne
1006 414 1085 462 illa,
1098 427 1183 466 quae

84 468 192 505 nulla
210 476 317 517 esset,
338 481 415 507 esse
432 469 495 506 lex
511 469 783 518 judicaretur?

150 521 342 559 Sententia
374 522 505 569 verior,
535 522 694 572 gravior,
726 521 864 567 utilior,
895 521 1027 558 melior
1057 520 1183 570 reipu-

82 572 202 621 blicae,
218 575 325 612 nulla
344 588 421 613 esse
439 575 585 626 potuit:
614 575 778 612 hominis
798 575 899 611 enim
918 575 1051 613 scelere
1069 581 1105 611 et
1123 573 1184 610 fu-

84 639 164 664 rore
182 635 323 676 notato,
343 628 474 666 similis
488 641 510 666 a
528 628 719 679 republica
736 628 839 665 labes
853 627 893 664 in
911 636 1103 678 posterum
1117 626 1181 664 de-

85 682 316 718 movebatur.

136 733 273 784 Neque
297 735 369 773 hoc
400 734 472 772 Cn.
494 734 713 785 Pompeius,
740 734 808 785 qui
836 733 1110 771 ornatissimam
1136 733 1183 770 de

82 798 144 823 me
163 787 384 825 sententiam
410 787 519 834 dixit,
540 801 694 838 vosque,
714 787 918 838 pontifices,
939 787 1005 837 qui
1023 799 1085 824 me
1103 799 1184 824 ves-

81 839 147 876 tris
173 841 365 878 sententiis
397 841 753 891 auctoritatibusque
777 840 1007 886 defendistis,
1034 852 1108 877 non
1129 839 1184 876 vi-

82 891 202 939 distis,
221 893 327 930 illam
346 906 423 931 esse
441 894 600 941 nullam,
621 901 734 944 atque
753 906 829 931 esse
843 893 968 943 potius
986 893 1182 929 flammam

82 946 274 996 temporis,
304 946 544 984 interdictum
576 946 734 993 sceleris,
765 958 893 984 vocem
926 945 1060 983 furoris
1077 960 1086 982 ε
1118 946 1181 983 sed

82 999 335 1049 prospexistis,
356 1012 404 1037 ne
422 1012 497 1050 qua
514 999 705 1050 popularis
723 999 764 1036 in
782 1011 846 1036 vos
865 998 1067 1048 aliquando
1085 999 1182 1036 invi-

80 1050 143 1088 dia
161 1051 397 1099 redundaret,
419 1053 448 1089 si
464 1052 542 1089 sine
559 1052 691 1102 populi
705 1051 847 1100 judicio
862 1052 1022 1089 restituti
1041 1051 1183 1089 videre-

82 1116 181 1141 mur.
210 1104 433 1156 Eodemque
451 1105 617 1150 consilio,
639 1105 698 1141 M.
719 1105 866 1150 Bibuli,
886 1104 1078 1142 fortissimi
1096 1104 1181 1151 viri,

82 1164 231 1195 senatus
242 1158 463 1195 sententiam
483 1166 630 1195 secutus
649 1166 716 1203 est,
745 1164 788 1194 ut
812 1170 876 1194 vos
902 1157 948 1194 de
965 1158 1052 1194 mea
1070 1157 1182 1194 domo

80 1211 312 1255 statueretis3
342 1223 418 1249 11011
448 1211 550 1262 quod
582 1210 782 1257 dubitaret,
803 1210 896 1260 quin
919 1211 966 1248 ab
998 1210 1069 1247 isto
1087 1210 1182 1247 nihil

80 1263 240 1313 legibus,
264 1264 360 1301 nihil
386 1264 642 1314 religionibus,
672 1264 767 1300 nihil
793 1264 891 1312 jure,
912 1270 1006 1301 esset
1024 1271 1178 1309 actum;

80 1316 146 1353 sed
163 1328 211 1354 ne
229 1317 313 1368 quis
331 1317 488 1355 oriretur
507 1316 709 1367 aliquando
727 1317 767 1354 in
785 1317 891 1353 tanta
916 1317 1084 1354 ubertate
1109 1316 1183 1354 im-

80 1371 299 1419 proborum,
320 1370 387 1420 qui
403 1370 443 1407 in
468 1369 562 1408 meis
596 1369 739 1407 aedibus
767 1369 935 1420 aliquam
964 1369 1181 1419 religionem

80 1422 239 1460 residere
257 1422 404 1461 diceret.
434 1423 538 1460 Nam
563 1423 686 1473 legem
713 1423 867 1473 quidem
893 1422 1006 1460 istam
1035 1423 1181 1459 nuHam

80 1487 171 1522 esse,
192 1476 500 1527 quotiescumque
519 1476 565 1513 de
578 1488 640 1513 me
659 1483 808 1514 senatus
827 1475 1051 1513 sententiam
1069 1476 1180 1525 dixit,

81 1528 189 1566 toties
199 1529 382 1577 judicavit
397 1543 409 1574 ς
439 1528 619 1580 quoniam
634 1528 802 1579 quidem,
823 1528 959 1579 scripto
978 1528 1043 1565 illo
1057 1528 1179 1576 istius,

80 1581 302 1619 sententiam
334 1582 455 1620 dicere
486 1584 691 1620 vetabatur.
733 1585 866 1633 Atque
890 1582 988 1619 hanc
1009 1595 1088 1619 rem
1113 1595 1182 1632 par

79 1634 175 1671 illud
193 1635 328 1683 simile,
343 1635 432 1673 Piso
450 1641 487 1673 et
499 1635 699 1682 Gabinius,
713 1635 816 1673 vidit.
847 1635 1034 1672 Homines
1052 1635 1182 1685 legum

75 1687 378 1739 judiciorumque
395 1695 616 1735 metuenteS,
633 1701 720 1726 cum
734 1687 1057 1739 frequentissimus
1076 1700 1182 1726 sena-

79 1747 139 1776 tus
158 1753 234 1788 eos,
254 1748 297 1777 ut
310 1742 356 1778 de
374 1754 436 1779 me
447 1741 638 1789 referrent,
658 1741 824 1792 quotidie
838 1741 1035 1791 flagitaret,
1048 1752 1124 1778 non
1142 1754 1182 1779 se

77 1804 157 1829 rem
189 1793 401 1844 improbare
437 1794 622 1850 dicebant,
654 1794 719 1832 sed
746 1795 828 1844 lege
851 1794 959 1831 istius
990 1794 1178 1844 impediri.

76 1845 172 1882 Erat
189 1845 260 1883 hoc
272 1859 426 1884 verum:
447 1859 537 1884 nam
548 1847 862 1898 impediebantur,
875 1859 1007 1884 verum
1022 1847 1067 1883 ea
1079 1847 1176 1897 lege,

79 1910 195 1949 quam
210 1898 311 1936 idem
330 1900 398 1937 iste
416 1899 462 1937 de
473 1900 701 1938 Macedonia
720 1900 904 1952 Syriaque
922 1900 1069 1937 tulerat.

131 1951 314 1990 XXVII.
358 1952 469 1991 Hanc
493 1960 550 2002 tu,
577 1953 622 1990 P.
648 1953 824 2001 Lentule,
858 1965 982 2003 neque
1010 1951 1178 2002 privatus

75 2016 199 2055 neque
235 2005 378 2052 consul,
407 2005 529 2056 legem
559 2019 637 2044 esse
660 2018 831 2056 unquam
860 2005 1012 2056 putasti.
1054 2004 1174 2049 Nam,

75 2056 238 2095 tribunis
255 2057 374 2108 plebis
390 2058 646 2107 referentibus,
668 2059 888 2097 sententiam
909 2058 957 2095 de
975 2070 1037 2094 me
1055 2056 1176 2106 desig-

73 2116 186 2147 natus
215 2111 346 2148 consul
375 2123 471 2162 saepe
502 2111 654 2149 dixisti:
685 2124 732 2149 ex
762 2110 938 2149 Calendis
965 2110 994 2147 J
996 2109 1174 2158 anuariis,

69 2162 195 2214 quoad
214 2163 378 2215 perfecta
394 2176 452 2203 res
470 2172 538 2213 est,
568 2165 615 2202 de
636 2177 699 2202 me
723 2164 907 2210 retulisti3
936 2163 1058 2214 legem
1090 2173 1177 2213 pro-
