1455 2343
196 100 273 137 366
466 97 580 138 PRO
611 95 813 136 COELIO.
844 94 948 137 cm.
979 99 1043 137 23.

198 218 309 244 mum
327 205 538 253 hominem,
552 213 590 244 et
607 205 873 256 gravissimum
884 213 1017 244 testem
1031 220 1044 253 ς
1074 206 1141 258 qui
1160 209 1313 244 tantum

200 259 345 297 facinus
359 259 400 296 in
418 259 562 296 famam
582 266 697 310 atque
714 259 884 297 fortunas
904 273 990 297 suas
1009 272 1132 311 neque
1150 272 1227 297 non
1244 264 1313 297 au&

200 313 317 350 disset
334 313 481 350 illatam
500 325 523 350 a
541 312 674 358 Coelio,
695 324 818 363 neque
836 313 1075 363 neglexisset,
1102 326 1227 364 neque
1251 320 1313 350 tu-

197 366 317 404 lisset.
346 367 415 403 An
433 366 498 404 ille
515 366 586 413 vir,
602 364 668 402 illa
680 365 917 403 humanitate
930 367 1124 417 praeditus,
1144 367 1220 405 illis
1234 372 1315 404 stu-

203 419 290 467 diis,
310 420 467 466 artibus,
495 427 608 470 atque
627 419 809 465 doctrina,
830 418 960 456 illius
950 420 1068 470 1psius
1086 420 1314 471 periculum,

204 486 320 523 quem
338 480 491 524 propter
504 473 609 511 haec
599 485 682 523 ipsa
696 472 821 510 studia
835 472 1030 522 diligebat,
1046 473 1236 524 negligere
1249 485 1319 524 po-

199 527 368 565 tuisset?
398 534 448 575 et,
469 526 572 577 quod
589 526 763 564 facinus
753 538 794 562 m
820 526 986 563 alienum
1011 527 1208 564 hominem
1233 526 1319 564 ina-

206 588 292 618 tum
311 592 436 618 severe
450 580 645 630 acciperet,
666 579 705 616 id
723 579 907 617 omisisset
928 590 1058 618 curare
1083 580 1125 617 in
1143 579 1319 630 hospite?

207 634 312 685 quod
330 646 397 685 per
414 633 563 683 ignotos
582 639 710 670 actum
729 645 819 670 (311111
837 633 1090 682 comperisset,
1107 633 1262 679 doleret,
1277 632 1320 670 id

208 701 233 726 a
247 687 324 725 suis
337 693 526 725 tentatum
545 698 624 724 esse
637 685 844 736 negligeret
858 686 876 723 Ρ
905 686 1009 736 quod
1019 687 1060 724 in
1071 686 1170 737 agris
1183 686 1321 724 locisve

210 740 373 792 publicis
400 739 546 778 factum
574 739 874 790 reprehenderet,
907 739 948 778 id
976 740 1017 777 in
1046 741 1140 778 urbe
1168 753 1211 778 ac
1243 752 1323 778 suae

210 794 316 832 domi
334 800 501 844 coeptum
518 806 611 840 esse,
637 792 769 831 leviter
790 792 934 831 ferret?
964 793 1067 845 quod
1091 794 1132 831 in
1159 793 1322 842 alicujus

213 847 367 908 agrestis
397 847 564 898 periculo
592 859 670 884 non
697 847 1012 898 praetermitteret,
1037 846 1078 884 id
1101 847 1217 884 homo
1239 859 1325 885 eru-

213 902 316 939 ditus
344 901 385 938 in
408 900 554 939 insidiis
585 899 791 939 doctissimi
818 900 984 939 hominis
1004 900 1325 949 dissimulandum

215 957 396 1007 putaret?

271 1008 347 1047 Sed
372 1021 438 1046 cur
456 1008 600 1046 diutius
619 1021 698 1055 vos,
725 1008 884 1058 judices,
903 1009 1040 1047 teneo?
1068 1008 1187 1060 ipsius
1207 1006 1325 1058 jurati

216 1062 438 1113 religionem
456 1062 792 1113 auctoritatemque
818 1062 1025 1122 percipite3
1055 1070 1170 1113 atque
1198 1060 1327 1099 omnia

214 1115 416 1166 diligenter
429 1115 637 1154 testimonii
649 1117 762 1155 verba
772 1115 994 1169 cognoscite.
1015 1115 1149 1155 Recita
1160 1115 1330 1154 testimo-

218 1169 328 1208 nium
348 1169 513 1209 Lucceii.

512 1265 528 1306 (
537 1263 816 1301 Testimonium
845 1261 1037 1309 Lucceiz'.)

275 1335 383 1384 Quid
407 1337 628 1387 exspectatis
647 1336 841 1388 amplius?
870 1347 919 1373 an
937 1335 1052 1373 aliam
1071 1347 1200 1373 vocem
1217 1340 1330 1385 puta-

220 1391 268 1427 tis
287 1390 410 1440 ipsam
428 1403 497 1440 pro
516 1403 554 1427 se
573 1403 725 1428 causam
751 1397 788 1427 et
812 1389 1008 1427 veritatem
1026 1401 1133 1439 posse
1149 1388 1299 1426 mittere
1313 1388 1332 1425 ἓ

224 1444 321 1481 Haec
335 1450 390 1480 est
406 1443 629 1481 innocentiae
643 1442 823 1490 defensio,
838 1442 920 1480 haec
932 1442 1050 1492 ipsius
1064 1454 1185 1480 causae
1198 1440 1332 1488 oratio,

221 1497 302 1534 haec
321 1508 399 1533 una
417 1509 491 1534 vox
511 1496 687 1534 veritatis.
718 1497 768 1534 In
779 1495 936 1534 crimine
954 1495 1036 1546 ipso
1054 1495 1162 1533 nulla
1173 1493 1335 1545 suspicio

223 1557 292 1595 est,
313 1556 350 1587 et
368 1549 408 1586 in
427 1562 466 1587 re
495 1549 592 1588 nihil
614 1556 669 1588 est
695 1548 933 1600 argumenti:
963 1549 1004 1586 in
1036 1548 1200 1599 negotio,
1231 1546 1336 1599 qued

222 1610 351 1641 actum
370 1615 449 1641 esse
466 1602 616 1651 dicitur,
635 1602 789 1640 nullum
807 1602 1009 1653 vestigium
1028 1601 1224 1650 sermonis,
1247 1600 1335 1647 loci,

222 1656 428 1707 temporis:
460 1668 573 1694 nemo
599 1656 716 1703 testis,
743 1668 857 1694 nemo
878 1655 1061 1702 conscius,
1090 1655 1307 1693 nominatur
1321 1668 1334 1692 z

221 1717 347 1748 totum
375 1709 517 1747 crimen
547 1710 736 1761 profertur
758 1723 805 1747 ex
831 1709 1000 1755 inimica,
1032 1722 1080 1747 ex
1104 1708 1257 1756 infami,
1288 1720 1337 1755 ex

223 1763 380 1810 crudeli,
412 1776 459 1801 ex
488 1762 708 1810 facinoroszi,
736 1776 784 1801 ex
808 1760 1009 1801 libidinosa
1030 1762 1168 1800 domo:
1198 1761 1337 1799 domus

224 1824 354 1855 autem
372 1816 453 1862 illa,
484 1830 571 1867 quae
589 1823 733 1855 tentata
758 1817 894 1855 scelere
917 1816 990 1854 isto
1015 1815 1158 1855 nefario
1184 1815 1337 1861 dicitur,

224 1871 338 1921 plena
356 1876 411 1908 est
428 1870 666 1921 integritatis,
687 1870 814 1918 officii,
830 1869 1041 1921 religionis:
1072 1881 1120 1907 ex
1135 1867 1212 1920 quii.
1225 1867 1340 1906 domo

224 1924 402 1963 recitatur
431 1924 536 1962 vobis
558 1923 805 1973 jurejurando
835 1924 1008 1962 devincta
1037 1922 1266 1967 auctoritas,
1254 1935 1265 1944 ·
1294 1927 1340 1959 ut

222 1991 280 2016 res
299 1977 459 2015 minime
477 1977 715 2015 dubitanda
704 1990 744 2014 m
764 1977 1002 2015 contentione
1016 1982 1196 2027 ponatur,
1207 1982 1340 2012 utrum

223 2030 435 2078 temeraria,
464 2044 617 2081 procax,
649 2031 744 2069 irata
770 2031 908 2069 mulier
933 2030 1087 2068 finxisse
1112 2029 1270 2075 crimen,
1288 2040 1340 2066 an

222 2084 360 2134 gravis,
381 2083 543 2135 sapiens,
564 2085 856 2136 moderatusque
882 2084 938 2123 vir
969 2083 1139 2135 religiose
1169 2082 1340 2121 testimo-

221 2138 331 2176 nium
351 2137 489 2176 dixisse
509 2138 692 2176 videatur.

276 2191 445 2230 XXIII.
476 2191 688 2245 Reliquum
710 2200 764 2232 est
793 2193 911 2245 igitur
941 2192 1085 2232 crimen
1104 2190 1151 2230 de
1170 2201 1340 2236 veneno3
