1425 2334
199 95 277 136 DE
296 96 537 138 HARUSP.
564 97 830 138 RESPONS.
853 97 958 137 CAP.
977 98 1042 136 21.
1116 95 1194 140 207

87 205 253 246 adventu
283 217 365 253 suo,
395 217 484 243 cum
509 205 731 257 propinquis
756 203 834 242 suis
859 205 1010 252 decidit,
1037 216 1086 242 ne
1113 215 1195 241 reos

85 258 248 303 facerem
278 271 302 296 a
319 258 487 297 Catilina
511 259 712 310 pecuniam
731 258 888 309 accepit,
915 266 959 296 ut
978 256 1194 308 turpissime

85 311 401 363 praevaricaretur.
430 312 528 351 Inde
560 325 649 351 cum
681 311 850 349 Murena
886 324 925 349 se
954 311 993 348 in
1026 310 1193 348 Galliam

83 365 273 411 contulit3
302 366 343 403 in
373 365 451 416 qua
479 366 672 416 provincia
703 371 940 402 mortuorum
972 370 1195 402 testamenta

83 418 317 469 conscripsit,
347 418 514 470 pupillos
549 419 709 465 necavit,
743 417 903 456 nefarias
935 430 1024 456 cum
1061 417 1193 454 multis

82 472 269 510 scelerum
292 472 482 523 pactiones
507 473 775 522 societatesque
800 471 986 509 conflavit.
1017 470 1132 509 Unde
1150 476 1194 507 ut

83 524 209 574 rediit,
240 532 429 576 quaestum
457 525 570 563 illum
595 525 763 564 maxime
784 524 992 562 fecundum
1017 525 1194 562 uberem-

82 590 173 633 que,
193 585 456 629 campestrem,
477 586 599 616 totum
626 579 674 616 ad
697 591 735 617 se
759 578 813 616 ita
838 577 996 628 redegit,
1014 585 1059 615 ut
1076 577 1190 615 homo

81 631 275 682 popularis
296 631 488 669 fraudaret
501 632 779 683 improbissime
797 632 999 682 populum,
1012 630 1191 681 idemque

82 684 140 722 vir
175 685 338 723 clemens
369 684 548 723 divisores
577 685 750 722 omnium
778 684 948 723 tribuum
974 684 1078 722 domi
1109 684 1191 736 ipse

81 749 160 775 suae
178 738 438 776 crudelissima
456 746 576 776 morte
593 745 785 777 mactaret.

135 791 284 829 Exorta
315 799 370 829 est
399 791 479 839 illa,
510 792 739 842 reipublicae,
773 791 898 838 sacris,
929 790 1188 841 religionibus,

81 845 295 882 auctoritati
325 851 469 891 vestrae,
496 845 649 894 judiciis
677 845 852 896 publicis,
886 844 1049 891 funesta,
1082 856 1187 895 quae-

81 904 210 943 stura;
240 898 281 936 in
299 898 377 949 qu‘a
394 897 495 936 idem
514 899 583 936 iste
595 898 698 937 Deos
709 898 970 949 hominesque,
985 897 1186 948 pudorem,

81 950 317 1001 pudicitiam,
339 954 487 990 senatus
504 952 777 999 auctoritatem,
798 952 875 1000 jus,
895 951 965 998 fas,
985 951 1100 1001 leges,
1122 951 1188 998 ju·-

79 1003 193 1052 dicia,
213 1004 377 1043 violavit.
406 1009 539 1056 Atque
560 1005 621 1043 hic
643 1006 678 1042 ei
707 1004 846 1056 gradus
876 1008 915 1047 (o
933 1004 1070 1041 misera
1088 1009 1186 1041 tem„

80 1069 188 1112 pora,
208 1058 417 1109 stultasque
441 1066 586 1096 nostras
604 1058 806 1096 discordias
822 1059 852 1105 ἔ)
881 1058 927 1096 Ρ.
949 1056 1083 1095 Clodio
1101 1069 1187 1107 gra-

80 1109 154 1148 dus
172 1110 221 1148 ad
239 1111 528 1162 rempublicam,
543 1112 605 1150 hic
618 1112 765 1163 primus
784 1119 839 1150 est
857 1111 980 1149 aditus
997 1110 1046 1148 ad
1063 1122 1188 1161 popu-

79 1162 198 1201 larem
206 1165 449 1213 jactationem
461 1172 575 1216 atque
587 1166 798 1205 adscensus.
820 1165 925 1202 Nam
933 1164 998 1201 Ti.
1014 1163 1186 1201 Graccho

78 1215 222 1255 invidia
253 1218 484 1256 Numantini
512 1218 673 1266 foederis,
705 1218 783 1262 (cui
811 1217 993 1264 feriendo,
1020 1223 1186 1268 quaestor

76 1269 123 1308 C.
144 1270 320 1308 Mancini
336 1272 499 1310 consulis
527 1284 616 1310 cum
635 1279 743 1319 esset,
764 1271 1000 1318 interfuerat)
1026 1277 1064 1308 et
1080 1270 1121 1307 in
1140 1281 1185 1307 eo

77 1322 215 1362 foedere
231 1324 481 1376 improbando
495 1328 645 1364 senatus
658 1325 848 1374 severitas,
864 1324 984 1362 dolori
1002 1330 1040 1361 et
1057 1322 1185 1364 timori

76 1376 176 1416 fuit:
204 1377 352 1429 istaque
380 1391 438 1417 res
455 1379 581 1427 illum,
608 1379 744 1417 fortem
771 1386 808 1416 et
836 1379 982 1416 clarum
1001 1377 1140 1424 virum,
1161 1389 1185 1414 a

77 1430 261 1480 gravitate
278 1438 433 1482 patrum
461 1432 661 1471 desciscere
679 1432 812 1483 coegit.
841 1431 886 1470 C.
907 1438 1035 1469 autem
1066 1429 1186 1468 Grac-

75 1483 194 1521 chum
212 1496 314 1523 mors
331 1484 508 1534 fraterna,
521 1485 653 1536 pietas,
669 1485 788 1534 dolor,
806 1483 1029 1536 magnitudo
1047 1483 1181 1531 animi,

75 1535 126 1575 ad
154 1537 380 1588 expetendas
404 1538 598 1577 domestici
622 1539 814 1590 sanguinis
838 1551 967 1589 poenas
994 1536 1182 1576 excitavit.

74 1589 341 1640 Saturninum,
361 1592 465 1643 quod
492 1592 532 1630 in
555 1604 715 1630 annonae
740 1592 892 1632 caritate
910 1598 1134 1643 quaestorem
1159 1603 1183 1627 a

76 1642 147 1680 sua
170 1643 419 1683 frumentaria
442 1646 702 1696 procuratione
727 1653 878 1684 senatus
896 1643 1050 1691 amovit,
1072 1643 1182 1694 eique

76 1695 131 1733 rei
143 1695 204 1734 Μ.
225 1697 410 1736 Scaurum
429 1699 608 1749 praefecit,
629 1699 781 1747 scimus,
795 1698 921 1737 dolore
939 1697 1083 1736 factum
1102 1709 1182 1735 esse

76 1749 312 1799 popularem.
341 1751 570 1803 Sulpicium,
591 1754 638 1791 ab
662 1750 804 1803 optima
823 1752 935 1790 causa
953 1750 1179 1802 profectum,

75 1801 248 1853 Gaioque
265 1803 294 1840 J
296 1803 389 1851 ulio,
409 1806 648 1843 consulatum
667 1813 797 1843 contra
815 1806 916 1856 leges
934 1803 1090 1855 petenti,
1121 1816 1181 1840 re-

73 1855 281 1915 sistentem,
300 1857 464 1908 longius,
484 1868 602 1909 quam
619 1859 752 1906 voluit,
772 1858 965 1911 popularis
984 1869 1076 1896 aura
1093 1868 1180 1907 pro-

76 1915 191 1946 vexit.

129 1961 248 1999 XXI.
279 1962 371 2000 Fuit
387 1962 427 2000 in
448 1963 508 2002 his
531 1965 708 2004 omnibus
736 1978 861 2011 causa,
882 1964 951 2003 etsi
972 1976 1048 2002 non
1073 1964 1178 2012 justa

73 2014 201 2057 (nulla
218 2015 320 2053 enim
338 2022 460 2067 potest
485 2017 663 2068 cuiquam
688 2018 788 2056 male
813 2018 860 2056 de
881 2017 1075 2068 republica
1097 2028 1178 2053 me-

73 2067 182 2106 rendi
196 2068 301 2116 justa
317 2081 395 2107 esse
411 2077 554 2118 causa),
574 2071 697 2121 gravis
722 2079 865 2119 tamen,
886 2078 923 2108 et
941 2082 1029 2108 cum
1048 2069 1177 2120 aliquo

71 2120 206 2169 animi,
227 2128 263 2159 et
281 2121 392 2170 virili,
416 2122 544 2162 dolore
568 2125 780 2173 conjuncta.
810 2124 855 2162 P.
877 2123 1034 2162 Clodius
1058 2135 1082 2160 a
1099 2133 1179 2160 cro-

71 2173 170 2223 cota,
203 2186 228 2212 a
257 2173 385 2223 mitra,
414 2187 438 2213 a
468 2175 717 2218 muliebribus
745 2176 869 2225 soleis,
903 2175 1178 2228 purpureisque
