<?xml version="1.0" encoding="UTF-8"?>
<!DOCTYPE html PUBLIC "-//W3C//DTD XHTML 1.0 Transitional//EN"
    "http://www.w3.org/TR/xhtml1/DTD/xhtml1-transitional.dtd">
<html xmlns="http://www.w3.org/1999/xhtml" xml:lang="en" lang="en">
 <head>
  <title>
</title>
<meta http-equiv="Content-Type" content="text/html;charset=utf-8" />
  <meta name='ocr-system' content='tesseract 3.04.00' />
  <meta name='ocr-capabilities' content='ocr_page ocr_carea ocr_par ocr_line ocrx_word'/>
</head>
<body>
  <div class='ocr_page' id='page_1' title='image "./operaern07ciceuoft_0160.png"; bbox 0 0 1455 2343; ppageno 0'>
   <div class='ocr_carea' id='block_1_1' title="bbox 258 85 1155 127">
    <p class='ocr_par' dir='ltr' id='par_1_1' title="bbox 258 85 1155 127">
     <span class='ocr_line' id='line_1_1' title="bbox 258 85 1155 127; baseline 0 -3"><span class='ocrx_word' id='word_1_1' title='bbox 258 87 333 124; x_wconf 76' lang='lat'><strong>146</strong></span> <span class='ocrx_word' id='word_1_2' title='bbox 456 86 569 126; x_wconf 89' lang='lat' dir='ltr'><strong>PRO</strong></span> <span class='ocrx_word' id='word_1_3' title='bbox 600 85 772 127; x_wconf 89' lang='lat' dir='ltr'>DOMO</span> <span class='ocrx_word' id='word_1_4' title='bbox 802 86 923 126; x_wconf 91' lang='lat' dir='ltr'><strong>SUA.</strong></span> <span class='ocrx_word' id='word_1_5' title='bbox 956 87 1060 126; x_wconf 72' lang='lat' dir='ltr'>CAP.</span> <span class='ocrx_word' id='word_1_6' title='bbox 1091 89 1155 126; x_wconf 82' lang='lat'><strong>20.</strong></span> 
     </span>
    </p>
   </div>
   <div class='ocr_carea' id='block_1_2' title="bbox 243 194 1366 2232">
    <p class='ocr_par' dir='ltr' id='par_1_2' title="bbox 253 194 1414 300">
     <span class='ocr_line' id='line_1_2' title="bbox 253 194 1361 248; baseline 0.002 -15"><span class='ocrx_word' id='word_1_7' title='bbox 253 195 365 248; x_wconf 83' lang='lat' dir='ltr'><strong>frag-ii</strong></span> <span class='ocrx_word' id='word_1_8' title='bbox 385 197 544 234; x_wconf 86' lang='lat' dir='ltr'><strong>latorem</strong></span> <span class='ocrx_word' id='word_1_9' title='bbox 562 195 601 233; x_wconf 93' lang='lat' dir='ltr'><strong>in</strong></span> <span class='ocrx_word' id='word_1_10' title='bbox 621 194 693 234; x_wconf 56' lang='lat' dir='ltr'><strong>ista</strong></span> <span class='ocrx_word' id='word_1_11' title='bbox 717 196 786 234; x_wconf 62' lang='lat' dir='ltr'><strong>tua</strong></span> <span class='ocrx_word' id='word_1_12' title='bbox 812 195 1081 247; x_wconf 87' lang='lat' dir='ltr'><strong>proscriptione</strong></span> <span class='ocrx_word' id='word_1_13' title='bbox 1111 206 1361 246; x_wconf 85' lang='lat' dir='ltr'><strong>quemquam,</strong></span> 
     </span>
     <span class='ocr_line' id='line_1_3' title="bbox 257 248 1133 300; baseline -0.001 -13"><span class='ocrx_word' id='word_1_14' title='bbox 257 250 331 289; x_wconf 90' lang='lat' dir='ltr'><strong>nisi</strong></span> <span class='ocrx_word' id='word_1_15' title='bbox 348 251 473 288; x_wconf 87' lang='lat' dir='ltr'><strong>furem</strong></span> <span class='ocrx_word' id='word_1_16' title='bbox 491 255 558 287; x_wconf 86' lang='lat' dir='ltr'><strong>aut</strong></span> <span class='ocrx_word' id='word_1_17' title='bbox 575 249 765 296; x_wconf 88' lang='lat' dir='ltr'><strong>sicarium,</strong></span> <span class='ocrx_word' id='word_1_18' title='bbox 786 249 948 300; x_wconf 89' lang='lat' dir='ltr'><strong>reperire</strong></span> <span class='ocrx_word' id='word_1_19' title='bbox 965 248 1133 300; x_wconf 85' lang='lat' dir='ltr'><strong>potuisti.</strong></span> 
     </span>
    </p>

    <p class='ocr_par' dir='ltr' id='par_1_3' title="bbox 250 303 1366 1147">
     <span class='ocr_line' id='line_1_4' title="bbox 304 303 1363 354; baseline 0 -12"><span class='ocrx_word' id='word_1_20' title='bbox 304 304 425 342; x_wconf 88' lang='lat' dir='ltr'>XIX.</span> <span class='ocrx_word' id='word_1_21' title='bbox 458 304 609 354; x_wconf 87' lang='lat' dir='ltr'><strong>Itaque,</strong></span> <span class='ocrx_word' id='word_1_22' title='bbox 629 316 717 341; x_wconf 87' lang='lat' dir='ltr'><strong>cum</strong></span> <span class='ocrx_word' id='word_1_23' title='bbox 736 310 779 341; x_wconf 89' lang='lat' dir='ltr'><strong>tu</strong></span> <span class='ocrx_word' id='word_1_24' title='bbox 793 303 929 341; x_wconf 86' lang='lat' dir='ltr'><strong>florens</strong></span> <span class='ocrx_word' id='word_1_25' title='bbox 947 315 990 341; x_wconf 87' lang='lat' dir='ltr'><strong>ac</strong></span> <span class='ocrx_word' id='word_1_26' title='bbox 1008 310 1140 354; x_wconf 87' lang='lat' dir='ltr'><strong>potens</strong></span> <span class='ocrx_word' id='word_1_27' title='bbox 1157 316 1224 353; x_wconf 90' lang='lat' dir='ltr'><strong>per</strong></span> <span class='ocrx_word' id='word_1_28' title='bbox 1242 303 1363 342; x_wconf 76' lang='lat' dir='ltr'><strong>medi-</strong></span> 
     </span>
     <span class='ocr_line' id='line_1_5' title="bbox 251 356 1365 408; baseline -0.001 -12"><span class='ocrx_word' id='word_1_29' title='bbox 251 371 320 396; x_wconf 87' lang='lat' dir='ltr'><strong>um</strong></span> <span class='ocrx_word' id='word_1_30' title='bbox 339 357 499 396; x_wconf 87' lang='lat' dir='ltr'><strong>cohortis</strong></span> <span class='ocrx_word' id='word_1_31' title='bbox 517 356 710 408; x_wconf 85' lang='lat' dir='ltr'><strong>popularis</strong></span> <span class='ocrx_word' id='word_1_32' title='bbox 728 356 926 402; x_wconf 78' lang='lat' dir='ltr'><strong>volitares3</strong></span> <span class='ocrx_word' id='word_1_33' title='bbox 947 356 1059 395; x_wconf 87' lang='lat' dir='ltr'><strong>amici</strong></span> <span class='ocrx_word' id='word_1_34' title='bbox 1073 356 1130 394; x_wconf 93' lang='lat' dir='ltr'><strong>illi</strong></span> <span class='ocrx_word' id='word_1_35' title='bbox 1147 356 1218 404; x_wconf 85' lang='lat' dir='ltr'><strong>tui,</strong></span> <span class='ocrx_word' id='word_1_36' title='bbox 1238 364 1365 395; x_wconf 91' lang='lat' dir='ltr'><strong>teuno</strong></span> 
     </span>
     <span class='ocr_line' id='line_1_6' title="bbox 251 409 1365 461; baseline 0 -12"><span class='ocrx_word' id='word_1_37' title='bbox 251 412 373 450; x_wconf 84' lang='lat' dir='ltr'><strong>amico</strong></span> <span class='ocrx_word' id='word_1_38' title='bbox 392 411 480 449; x_wconf 91' lang='lat' dir='ltr'><strong>tecti</strong></span> <span class='ocrx_word' id='word_1_39' title='bbox 499 418 535 448; x_wconf 89' lang='lat' dir='ltr'><strong>et</strong></span> <span class='ocrx_word' id='word_1_40' title='bbox 554 410 668 457; x_wconf 83' lang='lat' dir='ltr'><strong>beati,</strong></span> <span class='ocrx_word' id='word_1_41' title='bbox 695 411 763 461; x_wconf 90' lang='lat' dir='ltr'><strong>qui</strong></span> <span class='ocrx_word' id='word_1_42' title='bbox 788 424 826 448; x_wconf 89' lang='lat' dir='ltr'><strong>se</strong></span> <span class='ocrx_word' id='word_1_43' title='bbox 844 411 987 461; x_wconf 90' lang='lat' dir='ltr'><strong>populo</strong></span> <span class='ocrx_word' id='word_1_44' title='bbox 1012 409 1290 458; x_wconf 83' lang='lat' dir='ltr'><strong>commiserant,</strong></span> <span class='ocrx_word' id='word_1_45' title='bbox 1309 410 1365 449; x_wconf 84' lang='lat' dir='ltr'><strong>ita</strong></span> 
     </span>
     <span class='ocr_line' id='line_1_7' title="bbox 252 464 1361 516; baseline -0.002 -12"><span class='ocrx_word' id='word_1_46' title='bbox 252 466 544 516; x_wconf 82' lang='lat' dir='ltr'><strong>repeHebantur,</strong></span> <span class='ocrx_word' id='word_1_47' title='bbox 563 471 607 502; x_wconf 89' lang='lat' dir='ltr'><strong>ut</strong></span> <span class='ocrx_word' id='word_1_48' title='bbox 635 464 747 501; x_wconf 81' lang='lat' dir='ltr'><strong>etiam</strong></span> <span class='ocrx_word' id='word_1_49' title='bbox 779 464 994 502; x_wconf 85' lang='lat' dir='ltr'>Palatinam</span> <span class='ocrx_word' id='word_1_50' title='bbox 1016 471 1123 502; x_wconf 87' lang='lat' dir='ltr'><strong>tuam</strong></span> <span class='ocrx_word' id='word_1_51' title='bbox 1149 464 1361 515; x_wconf 81' lang='lat' dir='ltr'><strong>perderent.</strong></span> 
     </span>
     <span class='ocr_line' id='line_1_8' title="bbox 253 517 1360 568; baseline 0.001 -12"><span class='ocrx_word' id='word_1_52' title='bbox 253 519 336 566; x_wconf 83' lang='lat' dir='ltr'><strong>Qui</strong></span> <span class='ocrx_word' id='word_1_53' title='bbox 367 519 407 557; x_wconf 92' lang='lat' dir='ltr'><strong>in</strong></span> <span class='ocrx_word' id='word_1_54' title='bbox 434 518 622 568; x_wconf 88' lang='lat' dir='ltr'><strong>judicium</strong></span> <span class='ocrx_word' id='word_1_55' title='bbox 652 525 844 565; x_wconf 86' lang='lat' dir='ltr'><strong>venerant,</strong></span> <span class='ocrx_word' id='word_1_56' title='bbox 872 517 949 556; x_wconf 91' lang='lat' dir='ltr'><strong>sive</strong></span> <span class='ocrx_word' id='word_1_57' title='bbox 977 525 1208 556; x_wconf 79' lang='lat' dir='ltr'><strong>accusatores</strong></span> <span class='ocrx_word' id='word_1_58' title='bbox 1239 525 1360 566; x_wconf 89' lang='lat' dir='ltr'><strong>erant,</strong></span> 
     </span>
     <span class='ocr_line' id='line_1_9' title="bbox 253 571 1362 623; baseline 0.001 -14"><span class='ocrx_word' id='word_1_59' title='bbox 253 572 331 611; x_wconf 89' lang='lat' dir='ltr'><strong>sive</strong></span> <span class='ocrx_word' id='word_1_60' title='bbox 367 573 445 617; x_wconf 84' lang='lat' dir='ltr'><strong>rei;</strong></span> <span class='ocrx_word' id='word_1_61' title='bbox 487 578 522 609; x_wconf 92' lang='lat' dir='ltr'><strong>te</strong></span> <span class='ocrx_word' id='word_1_62' title='bbox 568 572 805 622; x_wconf 75' lang='lat' dir='ltr'><strong>deprecante,</strong></span> <span class='ocrx_word' id='word_1_63' title='bbox 844 571 1135 609; x_wconf 84' lang='lat' dir='ltr'><strong>damnabantur.</strong></span> <span class='ocrx_word' id='word_1_64' title='bbox 1182 571 1362 623; x_wconf 88' lang='lat' dir='ltr'><strong>Denique</strong></span> 
     </span>
     <span class='ocr_line' id='line_1_10' title="bbox 251 624 1363 676; baseline 0 -12"><span class='ocrx_word' id='word_1_65' title='bbox 251 627 365 664; x_wconf 84' lang='lat' dir='ltr'><strong>etiam</strong></span> <span class='ocrx_word' id='word_1_66' title='bbox 389 627 453 664; x_wconf 84' lang='lat' dir='ltr'><strong>ille</strong></span> <span class='ocrx_word' id='word_1_67' title='bbox 482 625 650 662; x_wconf 85' lang='lat' dir='ltr'><strong>novicius</strong></span> <span class='ocrx_word' id='word_1_68' title='bbox 669 624 805 675; x_wconf 80' lang='lat' dir='ltr'><strong>Ligur,</strong></span> <span class='ocrx_word' id='word_1_69' title='bbox 827 625 969 662; x_wconf 87' lang='lat' dir='ltr'><strong>venalis</strong></span> <span class='ocrx_word' id='word_1_70' title='bbox 995 625 1201 676; x_wconf 88' lang='lat' dir='ltr'><strong>adscriptor</strong></span> <span class='ocrx_word' id='word_1_71' title='bbox 1219 632 1256 663; x_wconf 89' lang='lat' dir='ltr'><strong>et</strong></span> <span class='ocrx_word' id='word_1_72' title='bbox 1274 627 1363 664; x_wconf 90' lang='lat' dir='ltr'><strong>sub-</strong></span> 
     </span>
     <span class='ocr_line' id='line_1_11' title="bbox 251 678 1364 730; baseline 0 -13"><span class='ocrx_word' id='word_1_73' title='bbox 251 680 408 730; x_wconf 78' lang='lat' dir='ltr'><strong>scriptor</strong></span> <span class='ocrx_word' id='word_1_74' title='bbox 426 687 529 723; x_wconf 75' lang='lat' dir='ltr'><strong>tuus,</strong></span> <span class='ocrx_word' id='word_1_75' title='bbox 550 691 638 715; x_wconf 87' lang='lat' dir='ltr'><strong>cum</strong></span> <span class='ocrx_word' id='word_1_76' title='bbox 655 678 714 715; x_wconf 83' lang='lat' dir='ltr'><strong>M.</strong></span> <span class='ocrx_word' id='word_1_77' title='bbox 733 678 889 728; x_wconf 79' lang='lat' dir='ltr'><strong>Papirii,</strong></span> <span class='ocrx_word' id='word_1_78' title='bbox 911 678 970 716; x_wconf 90' lang='lat' dir='ltr'><strong>sui</strong></span> <span class='ocrx_word' id='word_1_79' title='bbox 987 678 1125 725; x_wconf 85' lang='lat' dir='ltr'><strong>fratris,</strong></span> <span class='ocrx_word' id='word_1_80' title='bbox 1142 686 1237 717; x_wconf 89' lang='lat' dir='ltr'><strong>esset</strong></span> <span class='ocrx_word' id='word_1_81' title='bbox 1251 686 1364 717; x_wconf 85' lang='lat' dir='ltr'><strong>testa-</strong></span> 
     </span>
     <span class='ocr_line' id='line_1_12' title="bbox 253 732 1363 782; baseline 0.001 -12"><span class='ocrx_word' id='word_1_82' title='bbox 253 741 383 771; x_wconf 85' lang='lat' dir='ltr'><strong>mento</strong></span> <span class='ocrx_word' id='word_1_83' title='bbox 402 740 439 770; x_wconf 92' lang='lat' dir='ltr'><strong>et</strong></span> <span class='ocrx_word' id='word_1_84' title='bbox 455 732 597 781; x_wconf 82' lang='lat' dir='ltr'><strong>judicio</strong></span> <span class='ocrx_word' id='word_1_85' title='bbox 621 732 869 782; x_wconf 80' lang='lat' dir='ltr'><strong>improbatus,</strong></span> <span class='ocrx_word' id='word_1_86' title='bbox 899 739 1061 769; x_wconf 86' lang='lat' dir='ltr'><strong>mortem</strong></span> <span class='ocrx_word' id='word_1_87' title='bbox 1093 733 1174 781; x_wconf 92' lang='lat' dir='ltr'><strong>ejus</strong></span> <span class='ocrx_word' id='word_1_88' title='bbox 1203 745 1243 771; x_wconf 89' lang='lat' dir='ltr'><strong>se</strong></span> <span class='ocrx_word' id='word_1_89' title='bbox 1267 733 1363 771; x_wconf 86' lang='lat' dir='ltr'><strong>velle</strong></span> 
     </span>
     <span class='ocr_line' id='line_1_13' title="bbox 251 785 1364 837; baseline 0.001 -14"><span class='ocrx_word' id='word_1_90' title='bbox 251 786 426 837; x_wconf 74' lang='lat' dir='ltr'><strong>persequi</strong></span> <span class='ocrx_word' id='word_1_91' title='bbox 446 786 567 823; x_wconf 78' lang='lat' dir='ltr'><strong>dixit:</strong></span> <span class='ocrx_word' id='word_1_92' title='bbox 598 798 736 823; x_wconf 89' lang='lat' dir='ltr'><strong>nomen</strong></span> <span class='ocrx_word' id='word_1_93' title='bbox 757 786 845 823; x_wconf 86' lang='lat' dir='ltr'><strong>Sex.</strong></span> <span class='ocrx_word' id='word_1_94' title='bbox 867 785 1055 836; x_wconf 85' lang='lat' dir='ltr'><strong>Propertii</strong></span> <span class='ocrx_word' id='word_1_95' title='bbox 1073 785 1209 823; x_wconf 87' lang='lat' dir='ltr'><strong>detulit</strong></span> <span class='ocrx_word' id='word_1_96' title='bbox 1222 801 1233 823; x_wconf 68' lang='grc' dir='ltr'><strong><em>ε</em></strong></span> <span class='ocrx_word' id='word_1_97' title='bbox 1254 799 1364 824; x_wconf 84' lang='lat' dir='ltr'><strong>accu-</strong></span> 
     </span>
     <span class='ocr_line' id='line_1_14' title="bbox 253 838 1366 890; baseline 0 -12"><span class='ocrx_word' id='word_1_98' title='bbox 253 853 334 878; x_wconf 87' lang='lat' dir='ltr'><strong>sare</strong></span> <span class='ocrx_word' id='word_1_99' title='bbox 366 840 499 878; x_wconf 81' lang='lat' dir='ltr'><strong>alienae</strong></span> <span class='ocrx_word' id='word_1_100' title='bbox 527 838 780 879; x_wconf 81' lang='lat' dir='ltr'><strong>damnationis</strong></span> <span class='ocrx_word' id='word_1_101' title='bbox 805 839 1029 890; x_wconf 87' lang='lat' dir='ltr'><strong>scelerisque</strong></span> <span class='ocrx_word' id='word_1_102' title='bbox 1051 839 1182 886; x_wconf 90' lang='lat' dir='ltr'><strong>socios,</strong></span> <span class='ocrx_word' id='word_1_103' title='bbox 1212 846 1366 890; x_wconf 86' lang='lat' dir='ltr'><strong>propter</strong></span> 
     </span>
     <span class='ocr_line' id='line_1_15' title="bbox 252 892 1364 954; baseline 0 -23"><span class='ocrx_word' id='word_1_104' title='bbox 252 894 454 931; x_wconf 83' lang='lat' dir='ltr'><strong>calumniae</strong></span> <span class='ocrx_word' id='word_1_105' title='bbox 468 900 629 954; x_wconf 80' lang='lat' dir='ltr'><strong>metum,</strong></span> <span class='ocrx_word' id='word_1_106' title='bbox 650 905 725 930; x_wconf 86' lang='lat' dir='ltr'><strong>non</strong></span> <span class='ocrx_word' id='word_1_107' title='bbox 746 899 801 930; x_wconf 86' lang='lat' dir='ltr'><strong>est</strong></span> <span class='ocrx_word' id='word_1_108' title='bbox 822 906 949 930; x_wconf 83' lang='lat' dir='ltr'><strong>ausus.</strong></span> <span class='ocrx_word' id='word_1_109' title='bbox 977 892 1041 930; x_wconf 91' lang='lat' dir='ltr'><strong>De</strong></span> <span class='ocrx_word' id='word_1_110' title='bbox 1058 893 1130 930; x_wconf 89' lang='lat' dir='ltr'><strong>hac</strong></span> <span class='ocrx_word' id='word_1_111' title='bbox 1147 892 1263 943; x_wconf 82' lang='lat' dir='ltr'><strong>igitur</strong></span> <span class='ocrx_word' id='word_1_112' title='bbox 1280 894 1364 944; x_wconf 89' lang='lat' dir='ltr'><strong>lege</strong></span> 
     </span>
     <span class='ocr_line' id='line_1_16' title="bbox 252 946 1362 998; baseline 0 -14"><span class='ocrx_word' id='word_1_113' title='bbox 252 947 429 994; x_wconf 76' lang='lat' dir='ltr'><strong>dicimus,</strong></span> <span class='ocrx_word' id='word_1_114' title='bbox 464 960 550 998; x_wconf 87' lang='lat' dir='ltr'><strong>quae</strong></span> <span class='ocrx_word' id='word_1_115' title='bbox 577 947 665 996; x_wconf 83' lang='lat' dir='ltr'><strong>jure</strong></span> <span class='ocrx_word' id='word_1_116' title='bbox 701 953 830 996; x_wconf 84' lang='lat' dir='ltr'><strong>rogata</strong></span> <span class='ocrx_word' id='word_1_117' title='bbox 867 946 1061 984; x_wconf 83' lang='lat' dir='ltr'><strong>videatur·</strong></span> <span class='ocrx_word' id='word_1_118' title='bbox 1049 974 1062 991; x_wconf 94' lang='lat'><strong>,</strong></span> <span class='ocrx_word' id='word_1_119' title='bbox 1103 947 1213 995; x_wconf 86' lang='lat' dir='ltr'><strong>cujus</strong></span> <span class='ocrx_word' id='word_1_120' title='bbox 1244 959 1362 997; x_wconf 78' lang='lat' dir='ltr'><strong>quam</strong></span> 
     </span>
     <span class='ocr_line' id='line_1_17' title="bbox 251 999 1364 1060; baseline 0 -22"><span class='ocrx_word' id='word_1_121' title='bbox 251 1001 413 1052; x_wconf 88' lang='lat' dir='ltr'><strong>quisque</strong></span> <span class='ocrx_word' id='word_1_122' title='bbox 431 1007 577 1051; x_wconf 85' lang='lat' dir='ltr'><strong>partem</strong></span> <span class='ocrx_word' id='word_1_123' title='bbox 602 1000 738 1060; x_wconf 78' lang='lat' dir='ltr'><strong>tetigit,</strong></span> <span class='ocrx_word' id='word_1_124' title='bbox 767 999 900 1050; x_wconf 85' lang='lat' dir='ltr'><strong>digito,</strong></span> <span class='ocrx_word' id='word_1_125' title='bbox 923 1013 1025 1047; x_wconf 87' lang='lat' dir='ltr'><strong>voce,</strong></span> <span class='ocrx_word' id='word_1_126' title='bbox 1053 999 1194 1051; x_wconf 80' lang='lat' dir='ltr'><strong>praeda,</strong></span> <span class='ocrx_word' id='word_1_127' title='bbox 1228 1000 1364 1038; x_wconf 83' lang='lat' dir='ltr'><strong>suffra-</strong></span> 
     </span>
     <span class='ocr_line' id='line_1_18' title="bbox 250 1053 1363 1106; baseline 0 -13"><span class='ocrx_word' id='word_1_128' title='bbox 250 1055 327 1105; x_wconf 84' lang='lat' dir='ltr'><strong>gio,</strong></span> <span class='ocrx_word' id='word_1_129' title='bbox 357 1066 601 1105; x_wconf 82' lang='lat' dir='ltr'><strong>quocumque</strong></span> <span class='ocrx_word' id='word_1_130' title='bbox 620 1054 735 1101; x_wconf 88' lang='lat' dir='ltr'><strong>venit,</strong></span> <span class='ocrx_word' id='word_1_131' title='bbox 755 1053 976 1106; x_wconf 84' lang='lat' dir='ltr'><strong>repudiatus</strong></span> <span class='ocrx_word' id='word_1_132' title='bbox 994 1053 1262 1106; x_wconf 84' lang='lat' dir='ltr'><strong>convictusque</strong></span> <span class='ocrx_word' id='word_1_133' title='bbox 1287 1054 1363 1093; x_wconf 85' lang='lat' dir='ltr'><strong>dis-</strong></span> 
     </span>
     <span class='ocr_line' id='line_1_19' title="bbox 251 1109 369 1147; baseline -0.009 -1"><span class='ocrx_word' id='word_1_134' title='bbox 251 1109 369 1147; x_wconf 83' lang='lat' dir='ltr'><strong>cessit.</strong></span> 
     </span>
    </p>

    <p class='ocr_par' dir='ltr' id='par_1_4' title="bbox 247 1161 1363 1958">
     <span class='ocr_line' id='line_1_20' title="bbox 305 1161 1362 1212; baseline 0.001 -13"><span class='ocrx_word' id='word_1_135' title='bbox 305 1162 427 1209; x_wconf 71' lang='lat' dir='ltr'><strong>Quid,</strong></span> <span class='ocrx_word' id='word_1_136' title='bbox 448 1161 481 1199; x_wconf 88' lang='lat' dir='ltr'><strong>si</strong></span> <span class='ocrx_word' id='word_1_137' title='bbox 498 1161 543 1199; x_wconf 89' lang='lat' dir='ltr'><strong>iis</strong></span> <span class='ocrx_word' id='word_1_138' title='bbox 562 1161 684 1199; x_wconf 88' lang='lat' dir='ltr'><strong>verbis</strong></span> <span class='ocrx_word' id='word_1_139' title='bbox 716 1161 854 1212; x_wconf 80' lang='lat' dir='ltr'><strong>scripta</strong></span> <span class='ocrx_word' id='word_1_140' title='bbox 881 1168 936 1199; x_wconf 89' lang='lat' dir='ltr'><strong>est</strong></span> <span class='ocrx_word' id='word_1_141' title='bbox 962 1161 1035 1199; x_wconf 84' lang='lat' dir='ltr'><strong>ista</strong></span> <span class='ocrx_word' id='word_1_142' title='bbox 1062 1161 1297 1211; x_wconf 84' lang='lat' dir='ltr'><strong>proscriptio,</strong></span> <span class='ocrx_word' id='word_1_143' title='bbox 1319 1170 1362 1200; x_wconf 86' lang='lat' dir='ltr'><strong>ut</strong></span> 
     </span>
     <span class='ocr_line' id='line_1_21' title="bbox 250 1214 1363 1266; baseline 0 -13"><span class='ocrx_word' id='word_1_144' title='bbox 250 1229 288 1253; x_wconf 89' lang='lat' dir='ltr'><strong>se</strong></span> <span class='ocrx_word' id='word_1_145' title='bbox 324 1216 407 1266; x_wconf 79' lang='lat' dir='ltr'><strong>ipsa</strong></span> <span class='ocrx_word' id='word_1_146' title='bbox 438 1216 616 1255; x_wconf 86' lang='lat' dir='ltr'><strong>dissolvat</strong></span> <span class='ocrx_word' id='word_1_147' title='bbox 631 1217 648 1252; x_wconf 72' lang='grc' dir='ltr'><em>Ρ</em></span> <span class='ocrx_word' id='word_1_148' title='bbox 679 1222 733 1252; x_wconf 88' lang='lat' dir='ltr'><strong>est</strong></span> <span class='ocrx_word' id='word_1_149' title='bbox 761 1215 878 1261; x_wconf 86' lang='lat' dir='ltr'><strong>enim,</strong></span> <span class='ocrx_word' id='word_1_150' title='bbox 909 1216 938 1236; x_wconf 72' lang='lat'><strong>‘⁶</strong></span> <span class='ocrx_word' id='word_1_151' title='bbox 967 1214 1084 1262; x_wconf 86' lang='lat' dir='ltr'><strong>Quod</strong></span> <span class='ocrx_word' id='word_1_152' title='bbox 1113 1215 1175 1252; x_wconf 86' lang='lat' dir='ltr'><strong>M.</strong></span> <span class='ocrx_word' id='word_1_153' title='bbox 1207 1215 1363 1253; x_wconf 80' lang='lat' dir='ltr'><strong>Tullius</strong></span> 
     </span>
     <span class='ocr_line' id='line_1_22' title="bbox 249 1268 1362 1318; baseline 0 -12"><span class='ocrx_word' id='word_1_154' title='bbox 249 1269 391 1306; x_wconf 78' lang='lat' dir='ltr'><strong>falsum</strong></span> <span class='ocrx_word' id='word_1_155' title='bbox 411 1269 794 1308; x_wconf 61' lang='lat' dir='ltr'><strong>senatus-consultum</strong></span> <span class='ocrx_word' id='word_1_156' title='bbox 823 1268 1032 1306; x_wconf 75' lang='lat' dir='ltr'><strong>retulerit-’⁹</strong></span> <span class='ocrx_word' id='word_1_157' title='bbox 1062 1268 1104 1306; x_wconf 88' lang='lat' dir='ltr'><strong>Si</strong></span> <span class='ocrx_word' id='word_1_158' title='bbox 1121 1268 1238 1318; x_wconf 81' lang='lat' dir='ltr'><strong>igitur</strong></span> <span class='ocrx_word' id='word_1_159' title='bbox 1259 1276 1362 1309; x_wconf 88' lang='lat' dir='ltr'><strong>retu-</strong></span> 
     </span>
     <span class='ocr_line' id='line_1_23' title="bbox 249 1322 1361 1372; baseline 0.002 -13"><span class='ocrx_word' id='word_1_160' title='bbox 249 1323 294 1360; x_wconf 86' lang='lat' dir='ltr'><strong>lit</strong></span> <span class='ocrx_word' id='word_1_161' title='bbox 308 1322 447 1360; x_wconf 75' lang='lat' dir='ltr'><strong>falsum</strong></span> <span class='ocrx_word' id='word_1_162' title='bbox 460 1322 858 1368; x_wconf 66' lang='lat' dir='ltr'><strong>senatus-consultum,</strong></span> <span class='ocrx_word' id='word_1_163' title='bbox 872 1329 956 1359; x_wconf 87' lang='lat' dir='ltr'><strong>tum</strong></span> <span class='ocrx_word' id='word_1_164' title='bbox 972 1329 1027 1359; x_wconf 91' lang='lat' dir='ltr'><strong>est</strong></span> <span class='ocrx_word' id='word_1_165' title='bbox 1044 1322 1213 1372; x_wconf 82' lang='lat' dir='ltr'><strong>rogatio:</strong></span> <span class='ocrx_word' id='word_1_166' title='bbox 1235 1322 1267 1360; x_wconf 88' lang='lat' dir='ltr'><strong>si</strong></span> <span class='ocrx_word' id='word_1_167' title='bbox 1283 1335 1361 1361; x_wconf 86' lang='lat' dir='ltr'><strong>non</strong></span> 
     </span>
     <span class='ocr_line' id='line_1_24' title="bbox 250 1374 1362 1425; baseline 0.001 -12"><span class='ocrx_word' id='word_1_168' title='bbox 250 1376 392 1422; x_wconf 81' lang='lat' dir='ltr'><strong>retulit,</strong></span> <span class='ocrx_word' id='word_1_169' title='bbox 413 1376 520 1412; x_wconf 83' lang='lat' dir='ltr'><strong>nulla</strong></span> <span class='ocrx_word' id='word_1_170' title='bbox 548 1383 613 1413; x_wconf 84' lang='lat' dir='ltr'><strong>est.</strong></span> <span class='ocrx_word' id='word_1_171' title='bbox 644 1375 790 1412; x_wconf 79' lang='lat' dir='ltr'><strong>Satisne</strong></span> <span class='ocrx_word' id='word_1_172' title='bbox 809 1374 878 1413; x_wconf 88' lang='lat' dir='ltr'><strong>tibi</strong></span> <span class='ocrx_word' id='word_1_173' title='bbox 897 1375 1045 1413; x_wconf 82' lang='lat' dir='ltr'><strong>videtur</strong></span> <span class='ocrx_word' id='word_1_174' title='bbox 1062 1388 1085 1412; x_wconf 86' lang='lat' dir='ltr'>a</span> <span class='ocrx_word' id='word_1_175' title='bbox 1110 1382 1242 1414; x_wconf 82' lang='lat' dir='ltr'><strong>senatu</strong></span> <span class='ocrx_word' id='word_1_176' title='bbox 1257 1376 1362 1425; x_wconf 84' lang='lat' dir='ltr'><strong>judi-</strong></span> 
     </span>
     <span class='ocr_line' id='line_1_25' title="bbox 249 1428 1362 1475; baseline 0 -7"><span class='ocrx_word' id='word_1_177' title='bbox 249 1438 391 1475; x_wconf 80' lang='lat' dir='ltr'><strong>catum,</strong></span> <span class='ocrx_word' id='word_1_178' title='bbox 411 1442 474 1466; x_wconf 83' lang='lat' dir='ltr'><strong>me</strong></span> <span class='ocrx_word' id='word_1_179' title='bbox 492 1441 568 1467; x_wconf 79' lang='lat' dir='ltr'><strong>non</strong></span> <span class='ocrx_word' id='word_1_180' title='bbox 587 1428 701 1466; x_wconf 85' lang='lat' dir='ltr'><strong>modo</strong></span> <span class='ocrx_word' id='word_1_181' title='bbox 718 1441 795 1466; x_wconf 90' lang='lat' dir='ltr'><strong>non</strong></span> <span class='ocrx_word' id='word_1_182' title='bbox 821 1429 1045 1466; x_wconf 85' lang='lat' dir='ltr'><strong>ementitum</strong></span> <span class='ocrx_word' id='word_1_183' title='bbox 1065 1441 1143 1467; x_wconf 87' lang='lat' dir='ltr'><strong>esse</strong></span> <span class='ocrx_word' id='word_1_184' title='bbox 1161 1430 1362 1468; x_wconf 85' lang='lat' dir='ltr'><strong>auctorita-</strong></span> 
     </span>
     <span class='ocr_line' id='line_1_26' title="bbox 249 1482 1362 1533; baseline 0.001 -13"><span class='ocrx_word' id='word_1_185' title='bbox 249 1490 327 1520; x_wconf 85' lang='lat' dir='ltr'><strong>tem</strong></span> <span class='ocrx_word' id='word_1_186' title='bbox 346 1484 426 1532; x_wconf 86' lang='lat' dir='ltr'><strong>ejus</strong></span> <span class='ocrx_word' id='word_1_187' title='bbox 446 1482 600 1529; x_wconf 79' lang='lat' dir='ltr'><strong>ordinis,</strong></span> <span class='ocrx_word' id='word_1_188' title='bbox 621 1482 686 1520; x_wconf 81' lang='lat' dir='ltr'><strong>sed</strong></span> <span class='ocrx_word' id='word_1_189' title='bbox 704 1482 818 1520; x_wconf 88' lang='lat' dir='ltr'><strong>etiam</strong></span> <span class='ocrx_word' id='word_1_190' title='bbox 833 1495 954 1520; x_wconf 85' lang='lat' dir='ltr'><strong>unum</strong></span> <span class='ocrx_word' id='word_1_191' title='bbox 967 1489 1053 1533; x_wconf 88' lang='lat' dir='ltr'><strong>post</strong></span> <span class='ocrx_word' id='word_1_192' title='bbox 1070 1483 1215 1521; x_wconf 88' lang='lat' dir='ltr'><strong>Urbem</strong></span> <span class='ocrx_word' id='word_1_193' title='bbox 1233 1484 1362 1521; x_wconf 87' lang='lat' dir='ltr'><strong>condi-</strong></span> 
     </span>
     <span class='ocr_line' id='line_1_27' title="bbox 247 1536 1362 1586; baseline 0.001 -12"><span class='ocrx_word' id='word_1_194' title='bbox 247 1544 329 1574; x_wconf 85' lang='lat' dir='ltr'><strong>tam</strong></span> <span class='ocrx_word' id='word_1_195' title='bbox 360 1536 645 1585; x_wconf 79' lang='lat' dir='ltr'><strong>diligentissime</strong></span> <span class='ocrx_word' id='word_1_196' title='bbox 676 1536 823 1574; x_wconf 84' lang='lat' dir='ltr'><strong>senatui</strong></span> <span class='ocrx_word' id='word_1_197' title='bbox 858 1537 1027 1586; x_wconf 85' lang='lat' dir='ltr'><strong>paruisse</strong></span> <span class='ocrx_word' id='word_1_198' title='bbox 1041 1538 1059 1574; x_wconf 83' lang='lat'>?</span> <span class='ocrx_word' id='word_1_199' title='bbox 1099 1536 1208 1583; x_wconf 85' lang='lat' dir='ltr'><strong>Quot</strong></span> <span class='ocrx_word' id='word_1_200' title='bbox 1238 1537 1362 1575; x_wconf 87' lang='lat' dir='ltr'><strong>modis</strong></span> 
     </span>
     <span class='ocr_line' id='line_1_28' title="bbox 247 1590 1359 1640; baseline 0.001 -12"><span class='ocrx_word' id='word_1_201' title='bbox 247 1590 375 1637; x_wconf 81' lang='lat' dir='ltr'><strong>doceo,</strong></span> <span class='ocrx_word' id='word_1_202' title='bbox 395 1591 518 1640; x_wconf 82' lang='lat' dir='ltr'><strong>legem</strong></span> <span class='ocrx_word' id='word_1_203' title='bbox 537 1590 664 1636; x_wconf 78' lang='lat' dir='ltr'><strong>istam,</strong></span> <span class='ocrx_word' id='word_1_204' title='bbox 697 1602 814 1640; x_wconf 87' lang='lat' dir='ltr'><strong>quam</strong></span> <span class='ocrx_word' id='word_1_205' title='bbox 840 1602 962 1637; x_wconf 82' lang='lat' dir='ltr'><strong>vocas,</strong></span> <span class='ocrx_word' id='word_1_206' title='bbox 993 1602 1071 1627; x_wconf 84' lang='lat' dir='ltr'><strong>non</strong></span> <span class='ocrx_word' id='word_1_207' title='bbox 1093 1603 1171 1628; x_wconf 88' lang='lat' dir='ltr'><strong>esse</strong></span> <span class='ocrx_word' id='word_1_208' title='bbox 1202 1590 1326 1640; x_wconf 87' lang='lat' dir='ltr'><strong>legem</strong></span> <span class='ocrx_word' id='word_1_209' title='bbox 1341 1593 1359 1629; x_wconf 70' lang='grc' dir='ltr'><strong><em>Ρ</em></strong></span> 
     </span>
     <span class='ocr_line' id='line_1_29' title="bbox 249 1643 1361 1694; baseline 0.001 -14"><span class='ocrx_word' id='word_1_210' title='bbox 249 1643 370 1691; x_wconf 81' lang='lat' dir='ltr'><strong>Quid,</strong></span> <span class='ocrx_word' id='word_1_211' title='bbox 391 1643 423 1681; x_wconf 85' lang='lat' dir='ltr'><strong>si</strong></span> <span class='ocrx_word' id='word_1_212' title='bbox 442 1643 556 1680; x_wconf 75' lang='lat' dir='ltr'><strong>etiam</strong></span> <span class='ocrx_word' id='word_1_213' title='bbox 575 1643 748 1694; x_wconf 89' lang='lat' dir='ltr'><strong>pluribus</strong></span> <span class='ocrx_word' id='word_1_214' title='bbox 768 1643 814 1681; x_wconf 90' lang='lat' dir='ltr'><strong>de</strong></span> <span class='ocrx_word' id='word_1_215' title='bbox 834 1645 944 1681; x_wconf 88' lang='lat' dir='ltr'><strong>rebus</strong></span> <span class='ocrx_word' id='word_1_216' title='bbox 963 1655 1041 1681; x_wconf 91' lang='lat' dir='ltr'><strong>uno</strong></span> <span class='ocrx_word' id='word_1_217' title='bbox 1060 1643 1192 1681; x_wconf 82' lang='lat' dir='ltr'><strong>sortitu</strong></span> <span class='ocrx_word' id='word_1_218' title='bbox 1212 1644 1361 1682; x_wconf 78' lang='lat' dir='ltr'><strong>retulis-</strong></span> 
     </span>
     <span class='ocr_line' id='line_1_30' title="bbox 247 1696 1362 1748; baseline 0 -13"><span class='ocrx_word' id='word_1_219' title='bbox 247 1697 275 1735; x_wconf 89' lang='lat' dir='ltr'><strong>ti</strong></span> <span class='ocrx_word' id='word_1_220' title='bbox 293 1700 310 1735; x_wconf 75' lang='grc' dir='ltr'><strong><em>Ρ</em></strong></span> <span class='ocrx_word' id='word_1_221' title='bbox 340 1705 517 1735; x_wconf 85' lang='lat' dir='ltr'><strong>tamenne</strong></span> <span class='ocrx_word' id='word_1_222' title='bbox 536 1696 739 1743; x_wconf 83' lang='lat' dir='ltr'><strong>arbitraris,</strong></span> <span class='ocrx_word' id='word_1_223' title='bbox 759 1697 812 1742; x_wconf 81' lang='lat' dir='ltr'><strong>id,</strong></span> <span class='ocrx_word' id='word_1_224' title='bbox 833 1697 936 1747; x_wconf 84' lang='lat' dir='ltr'><strong>quod</strong></span> <span class='ocrx_word' id='word_1_225' title='bbox 956 1697 1016 1733; x_wconf 85' lang='lat' dir='ltr'><strong>M.</strong></span> <span class='ocrx_word' id='word_1_226' title='bbox 1038 1697 1190 1735; x_wconf 89' lang='lat' dir='ltr'><strong>Drusus</strong></span> <span class='ocrx_word' id='word_1_227' title='bbox 1208 1697 1249 1735; x_wconf 90' lang='lat' dir='ltr'><strong>in</strong></span> <span class='ocrx_word' id='word_1_228' title='bbox 1267 1698 1362 1748; x_wconf 84' lang='lat' dir='ltr'><strong>legi-</strong></span> 
     </span>
     <span class='ocr_line' id='line_1_31' title="bbox 248 1750 1358 1801; baseline -0.002 -12"><span class='ocrx_word' id='word_1_229' title='bbox 248 1753 320 1789; x_wconf 87' lang='lat' dir='ltr'><strong>bus</strong></span> <span class='ocrx_word' id='word_1_230' title='bbox 339 1751 414 1788; x_wconf 87' lang='lat' dir='ltr'><strong>suis</strong></span> <span class='ocrx_word' id='word_1_231' title='bbox 433 1750 636 1801; x_wconf 83' lang='lat' dir='ltr'><strong>plerisque,</strong></span> <span class='ocrx_word' id='word_1_232' title='bbox 657 1752 779 1789; x_wconf 86' lang='lat' dir='ltr'><strong>bonus</strong></span> <span class='ocrx_word' id='word_1_233' title='bbox 798 1750 862 1788; x_wconf 85' lang='lat' dir='ltr'><strong>ille</strong></span> <span class='ocrx_word' id='word_1_234' title='bbox 881 1750 938 1789; x_wconf 84' lang='lat' dir='ltr'><strong>vir</strong></span> <span class='ocrx_word' id='word_1_235' title='bbox 965 1750 1026 1788; x_wconf 83' lang='lat' dir='ltr'><strong>M.</strong></span> <span class='ocrx_word' id='word_1_236' title='bbox 1048 1751 1226 1797; x_wconf 81' lang='lat' dir='ltr'><strong>Scaurus,</strong></span> <span class='ocrx_word' id='word_1_237' title='bbox 1253 1758 1291 1789; x_wconf 93' lang='lat' dir='ltr'><strong>et</strong></span> <span class='ocrx_word' id='word_1_238' title='bbox 1309 1752 1358 1789; x_wconf 82' lang='lat' dir='ltr'><strong>L.</strong></span> 
     </span>
     <span class='ocr_line' id='line_1_32' title="bbox 247 1804 1360 1855; baseline 0.001 -14"><span class='ocrx_word' id='word_1_239' title='bbox 247 1805 405 1849; x_wconf 86' lang='lat' dir='ltr'><strong>Crassus</strong></span> <span class='ocrx_word' id='word_1_240' title='bbox 425 1804 642 1850; x_wconf 85' lang='lat' dir='ltr'><strong>consularis,</strong></span> <span class='ocrx_word' id='word_1_241' title='bbox 662 1816 739 1841; x_wconf 86' lang='lat' dir='ltr'><strong>non</strong></span> <span class='ocrx_word' id='word_1_242' title='bbox 758 1804 1002 1851; x_wconf 82' lang='lat' dir='ltr'><strong>obtinuerint,</strong></span> <span class='ocrx_word' id='word_1_243' title='bbox 1023 1804 1063 1842; x_wconf 92' lang='lat' dir='ltr'><strong>id</strong></span> <span class='ocrx_word' id='word_1_244' title='bbox 1081 1812 1119 1842; x_wconf 90' lang='lat' dir='ltr'><strong>te</strong></span> <span class='ocrx_word' id='word_1_245' title='bbox 1136 1817 1257 1855; x_wconf 81' lang='lat' dir='ltr'><strong>posse,</strong></span> <span class='ocrx_word' id='word_1_246' title='bbox 1277 1817 1360 1842; x_wconf 90' lang='lat' dir='ltr'><strong>om-</strong></span> 
     </span>
     <span class='ocr_line' id='line_1_33' title="bbox 247 1856 1361 1910; baseline 0.001 -16"><span class='ocrx_word' id='word_1_247' title='bbox 247 1858 354 1895; x_wconf 85' lang='lat' dir='ltr'><strong>nium</strong></span> <span class='ocrx_word' id='word_1_248' title='bbox 368 1858 578 1895; x_wconf 82' lang='lat' dir='ltr'><strong>facinorum</strong></span> <span class='ocrx_word' id='word_1_249' title='bbox 591 1865 628 1895; x_wconf 93' lang='lat' dir='ltr'><strong>et</strong></span> <span class='ocrx_word' id='word_1_250' title='bbox 641 1864 858 1909; x_wconf 86' lang='lat' dir='ltr'><strong>stuprorum</strong></span> <span class='ocrx_word' id='word_1_251' title='bbox 873 1856 1105 1910; x_wconf 82' lang='lat' dir='ltr'><strong>[omnium,]</strong></span> <span class='ocrx_word' id='word_1_252' title='bbox 1120 1857 1304 1896; x_wconf 81' lang='lat' dir='ltr'><strong>Decumis</strong></span> <span class='ocrx_word' id='word_1_253' title='bbox 1323 1866 1361 1897; x_wconf 81' lang='lat' dir='ltr'><strong>et</strong></span> 
     </span>
     <span class='ocr_line' id='line_1_34' title="bbox 249 1911 874 1958; baseline -0.002 -9"><span class='ocrx_word' id='word_1_254' title='bbox 249 1912 394 1949; x_wconf 80' lang='lat' dir='ltr'><strong>Clodiis</strong></span> <span class='ocrx_word' id='word_1_255' title='bbox 424 1911 656 1958; x_wconf 85' lang='lat' dir='ltr'><strong>auctoribus,</strong></span> <span class='ocrx_word' id='word_1_256' title='bbox 676 1911 874 1951; x_wconf 75' lang='lat' dir='ltr'><strong>obtinere?</strong></span> 
     </span>
    </p>

    <p class='ocr_par' dir='ltr' id='par_1_5' title="bbox 243 1964 1361 2232">
     <span class='ocr_line' id='line_1_35' title="bbox 299 1964 1354 2015; baseline 0 -13"><span class='ocrx_word' id='word_1_257' title='bbox 299 1965 395 2002; x_wconf 69' lang='lat' dir='ltr'><strong>XX.</strong></span> <span class='ocrx_word' id='word_1_258' title='bbox 425 1964 568 2003; x_wconf 82' lang='lat' dir='ltr'><strong>Tulisti</strong></span> <span class='ocrx_word' id='word_1_259' title='bbox 586 1965 633 2002; x_wconf 89' lang='lat' dir='ltr'><strong>de</strong></span> <span class='ocrx_word' id='word_1_260' title='bbox 650 1977 726 2010; x_wconf 83' lang='lat' dir='ltr'><strong>me,</strong></span> <span class='ocrx_word' id='word_1_261' title='bbox 746 1976 794 2002; x_wconf 90' lang='lat' dir='ltr'><strong>ne</strong></span> <span class='ocrx_word' id='word_1_262' title='bbox 813 1965 1008 2015; x_wconf 81' lang='lat' dir='ltr'><strong>reciperer,</strong></span> <span class='ocrx_word' id='word_1_263' title='bbox 1028 1976 1105 2003; x_wconf 90' lang='lat' dir='ltr'><strong>non</strong></span> <span class='ocrx_word' id='word_1_264' title='bbox 1124 1972 1169 2002; x_wconf 89' lang='lat' dir='ltr'><strong>ut</strong></span> <span class='ocrx_word' id='word_1_265' title='bbox 1186 1964 1354 2006; x_wconf 85' lang='lat' dir='ltr'><strong>exirem:</strong></span> 
     </span>
     <span class='ocr_line' id='line_1_36' title="bbox 246 2018 1360 2070; baseline 0.001 -14"><span class='ocrx_word' id='word_1_266' title='bbox 246 2031 362 2070; x_wconf 83' lang='lat' dir='ltr'><strong>quem</strong></span> <span class='ocrx_word' id='word_1_267' title='bbox 381 2026 422 2056; x_wconf 89' lang='lat' dir='ltr'><strong>tu</strong></span> <span class='ocrx_word' id='word_1_268' title='bbox 442 2018 522 2068; x_wconf 81' lang='lat' dir='ltr'><strong>ipse</strong></span> <span class='ocrx_word' id='word_1_269' title='bbox 540 2030 615 2056; x_wconf 86' lang='lat' dir='ltr'><strong>non</strong></span> <span class='ocrx_word' id='word_1_270' title='bbox 635 2025 783 2068; x_wconf 80' lang='lat' dir='ltr'><strong>poteras</strong></span> <span class='ocrx_word' id='word_1_271' title='bbox 802 2018 924 2056; x_wconf 87' lang='lat' dir='ltr'><strong>dicere</strong></span> <span class='ocrx_word' id='word_1_272' title='bbox 947 2031 1023 2056; x_wconf 88' lang='lat' dir='ltr'><strong>non</strong></span> <span class='ocrx_word' id='word_1_273' title='bbox 1051 2018 1163 2056; x_wconf 85' lang='lat' dir='ltr'><strong>licere</strong></span> <span class='ocrx_word' id='word_1_274' title='bbox 1180 2031 1259 2057; x_wconf 86' lang='lat' dir='ltr'><strong>esse</strong></span> <span class='ocrx_word' id='word_1_275' title='bbox 1278 2019 1360 2057; x_wconf 63' lang='lat' dir='ltr'><strong>Ro-</strong></span> 
     </span>
     <span class='ocr_line' id='line_1_37' title="bbox 245 2071 1356 2119; baseline 0 -10"><span class='ocrx_word' id='word_1_276' title='bbox 245 2086 330 2110; x_wconf 79' lang='lat' dir='ltr'><strong>mae.</strong></span> <span class='ocrx_word' id='word_1_277' title='bbox 372 2072 479 2119; x_wconf 75' lang='lat' dir='ltr'><strong>Quid</strong></span> <span class='ocrx_word' id='word_1_278' title='bbox 511 2071 613 2109; x_wconf 86' lang='lat' dir='ltr'><strong>enim</strong></span> <span class='ocrx_word' id='word_1_279' title='bbox 649 2071 788 2109; x_wconf 85' lang='lat' dir='ltr'><strong>diceres</strong></span> <span class='ocrx_word' id='word_1_280' title='bbox 802 2074 819 2109; x_wconf 74' lang='grc' dir='ltr'><em>Ρ</em></span> <span class='ocrx_word' id='word_1_281' title='bbox 848 2072 1074 2110; x_wconf 85' lang='lat' dir='ltr'><strong>damnatum</strong></span> <span class='ocrx_word' id='word_1_282' title='bbox 1087 2072 1106 2108; x_wconf 74' lang='lat' dir='ltr'><strong>P</strong></span> <span class='ocrx_word' id='word_1_283' title='bbox 1130 2079 1242 2111; x_wconf 67' lang='lat' dir='ltr'><strong>&#39;certe</strong></span> <span class='ocrx_word' id='word_1_284' title='bbox 1266 2084 1356 2110; x_wconf 83' lang='lat' dir='ltr'><strong>non.</strong></span> 
     </span>
     <span class='ocr_line' id='line_1_38' title="bbox 248 2124 1358 2176; baseline -0.001 -12"><span class='ocrx_word' id='word_1_285' title='bbox 248 2126 466 2176; x_wconf 78' lang='lat' dir='ltr'><strong>Expulsum</strong></span> <span class='ocrx_word' id='word_1_286' title='bbox 483 2127 500 2163; x_wconf 85' lang='lat'>?</span> <span class='ocrx_word' id='word_1_287' title='bbox 531 2126 598 2176; x_wconf 81' lang='lat' dir='ltr'><strong>qui</strong></span> <span class='ocrx_word' id='word_1_288' title='bbox 613 2124 752 2166; x_wconf 83' lang='lat' dir='ltr'><strong>licuit?</strong></span> <span class='ocrx_word' id='word_1_289' title='bbox 782 2125 858 2164; x_wconf 85' lang='lat' dir='ltr'><strong>Sed</strong></span> <span class='ocrx_word' id='word_1_290' title='bbox 877 2133 1004 2164; x_wconf 84' lang='lat' dir='ltr'><strong>tamen</strong></span> <span class='ocrx_word' id='word_1_291' title='bbox 1015 2137 1064 2164; x_wconf 90' lang='lat' dir='ltr'><strong>ne</strong></span> <span class='ocrx_word' id='word_1_292' title='bbox 1077 2125 1116 2164; x_wconf 81' lang='lat' dir='ltr'><strong>id</strong></span> <span class='ocrx_word' id='word_1_293' title='bbox 1135 2125 1290 2176; x_wconf 87' lang='lat' dir='ltr'><strong>quidem</strong></span> <span class='ocrx_word' id='word_1_294' title='bbox 1302 2133 1358 2167; x_wconf 79' lang='lat' dir='ltr'><strong>est</strong></span> 
     </span>
     <span class='ocr_line' id='line_1_39' title="bbox 243 2179 1361 2232; baseline 0 -13"><span class='ocrx_word' id='word_1_295' title='bbox 243 2180 440 2230; x_wconf 76' lang='lat' dir='ltr'><strong>scriptum,</strong></span> <span class='ocrx_word' id='word_1_296' title='bbox 461 2186 504 2217; x_wconf 88' lang='lat' dir='ltr'><strong>ut</strong></span> <span class='ocrx_word' id='word_1_297' title='bbox 523 2179 677 2219; x_wconf 80' lang='lat' dir='ltr'><strong>exirem.</strong></span> <span class='ocrx_word' id='word_1_298' title='bbox 708 2179 826 2218; x_wconf 86' lang='lat' dir='ltr'><strong>Poena</strong></span> <span class='ocrx_word' id='word_1_299' title='bbox 845 2186 913 2229; x_wconf 82' lang='lat' dir='ltr'><strong>est,</strong></span> <span class='ocrx_word' id='word_1_300' title='bbox 930 2179 998 2231; x_wconf 91' lang='lat' dir='ltr'><strong>qui</strong></span> <span class='ocrx_word' id='word_1_301' title='bbox 1016 2179 1220 2232; x_wconf 84' lang='lat' dir='ltr'><strong>receperit;</strong></span> <span class='ocrx_word' id='word_1_302' title='bbox 1242 2191 1361 2231; x_wconf 85' lang='lat' dir='ltr'><strong>quam</strong></span> 
     </span>
    </p>
   </div>
  </div>
 </body>
</html>
