1425 2334
295 106 407 146 PRO
436 106 701 145 PLANCIO.
732 106 835 143 mr.
862 105 919 142 14.
1082 103 1154 141 231

64 212 191 250 Immo
208 211 362 250 fortasse
378 211 546 250 liberius.
574 212 633 250 At
649 212 689 249 id
705 212 847 262 ipsum,
865 210 1004 261 inquit,
1017 221 1092 247 non
1104 216 1160 247 est

62 265 271 303 ferendum.
312 265 417 316 Ergo
434 264 475 302 hi
492 265 634 303 ferendi
653 273 753 313 sunt,
785 266 852 315 qui
870 270 1093 314 queruntur,
1112 262 1160 299 li-

61 319 242 356 bertatem
254 318 389 369 equitis
400 318 566 356 Romani
580 331 618 356 se
632 318 727 355 ferre
737 329 813 356 non
828 318 960 368 posse?
989 315 1158 353 Ubinam

59 370 125 408 ine
141 371 253 410 mos?
280 372 347 409 ubi
363 372 430 409 illa
447 371 603 422 aequitas
618 371 713 420 juris
724 372 742 407 ἱ)
770 371 836 408 ubi
854 370 920 407 illa
938 369 1093 419 antiqua
1111 369 1158 405 li-

59 425 196 472 bertas,
222 437 322 476 quae,
341 424 451 462 malis
468 437 642 476 oppressa
665 424 850 470 civilibus,
881 423 1056 460 extollere
1075 423 1156 470 jam

60 485 186 527 aput,
220 485 257 516 et
286 477 490 529 aliquando
521 485 682 516 recreata
714 490 752 515 se
781 477 932 527 erigere,
963 476 1122 512 debebat
1138 477 1155 512 Ξ)

59 529 249 581 Equitum
267 544 335 582 ego
347 533 608 569 Romanorum
628 531 740 568 etiam
758 531 796 567 in
816 529 986 567 homines
999 527 1155 565 nobilis-

62 582 175 621 simos
192 585 403 632 maledieta,
424 585 711 635 publicanorum
729 584 769 621 in
788 584 838 630 Q.
860 582 1078 627 Scaevolam,
1099 581 1155 618 vi-

61 648 149 674 rum
169 638 345 676 omnibus
365 638 530 688 ingenio,
543 637 703 686 justitia,
728 636 953 687 integritate,
979 641 1159 685 praestan-

62 696 155 737 tem,
185 703 314 742 aspere
336 698 374 730 et
400 690 570 729 ferociter
595 699 631 729 et
660 691 776 728 libere
804 690 903 727 dicta
931 700 1159 726 commemo-

63 754 144 780 rem
160 745 178 781 ?

115 795 236 835 XIV.
265 797 420 836 Consuli
433 797 478 835 P.
493 797 640 835 Nasicae
658 809 778 848 praeoe
793 795 971 842 Granius,
984 793 1108 831 medio
1118 794 1159 830 in

64 848 159 897 foro,
179 862 269 888 cum
287 851 364 897 ille,
384 851 503 888 edicto
519 851 677 900 justitio,
690 851 848 888 domum
864 847 1087 886 descendens
1102 860 1161 884 ro-

64 902 188 952 gasset
207 903 409 951 Granium,
429 904 522 955 quid
540 904 654 941 tristis
671 910 787 947 esset3
817 915 880 949 an,
901 901 1002 951 quod
1020 899 1161 937 auctio-

65 966 131 993 nes
149 957 297 994 essent?
326 957 453 995 Immo
464 970 564 1004 vero,
584 957 721 1007 inquit,
735 955 837 1007 quod
847 955 1022 1004 legiones.
1052 953 1161 990 Idem

65 1007 218 1046 tribuno
234 1010 368 1060 plebis,
387 1010 644 1061 potentissimo
667 1009 827 1054 homini,
855 1007 914 1044 M.
936 1006 1077 1052 Druso,
1096 1005 1162 1042 sed

65 1062 189 1100 multa
204 1062 245 1099 in
263 1063 535 1114 rempublicam
552 1061 736 1107 molienti,
759 1073 846 1099 cum
865 1060 929 1097 ille
946 1071 1035 1097 eum
1062 1059 1164 1096 salu-

64 1113 179 1153 tasset
195 1117 256 1158 (ut
266 1115 340 1164 fit),
352 1115 593 1166 dixissetque,
607 1114 714 1162 Quid
725 1114 818 1165 agis,
834 1112 955 1151 Grani
964 1112 983 1149 ἲ
1010 1123 1164 1162 respon-

65 1166 135 1214 dit,
158 1167 285 1207 Immo
296 1181 396 1215 vero,
415 1176 458 1206 tu
470 1168 610 1214 Druse,
628 1167 722 1219 quid
732 1168 812 1218 agis
828 1169 847 1205 ?
877 1167 949 1204 Ille
962 1165 1008 1203 L.
1022 1164 1161 1211 Crassi,

64 1218 130 1257 ille
146 1220 208 1259 Μ.
220 1222 396 1269 Antonii,
409 1222 640 1260 voluntatem
653 1221 902 1272 asperioribus
912 1218 1055 1257 facetiis
1065 1231 1164 1269 saepe

64 1273 284 1323 perstrinxit
300 1275 469 1326 impune.
509 1275 549 1313 N
553 1287 626 1312 unc
650 1286 771 1325 usque
788 1286 831 1312 eo
848 1285 1024 1324 oppressa
1040 1271 1163 1309 vestra

64 1327 277 1378 arrogantia
294 1327 422 1367 civitas
440 1334 508 1377 est,
527 1334 585 1375 ut,
614 1341 700 1379 quae
727 1326 801 1364 fuit
816 1327 910 1365 olim
937 1324 1101 1376 praeconi
1123 1324 1165 1361 in

64 1379 234 1429 ridendo,
262 1393 364 1420 nunc
387 1380 505 1433 equiti
523 1381 700 1420 Romano
728 1379 768 1417 in
795 1379 993 1432 plorando,
1022 1389 1099 1416 non
1116 1377 1167 1415 sit

65 1444 237 1473 concessa
252 1435 416 1473 libertas.

119 1485 220 1533 Quae
237 1488 338 1526 enim
360 1500 533 1540 unquam
561 1488 636 1526 fuit
665 1486 820 1525 Plancio
837 1499 911 1524 vox
930 1483 1169 1523 contumeliae

66 1539 204 1590 potius,
225 1554 341 1592 quam
359 1541 528 1580 doloris?
556 1541 716 1593 quidest
733 1547 861 1578 autem
875 1550 1047 1590 unquam
1071 1550 1165 1588 que-

67 1599 160 1640 stus,
173 1594 245 1632 nisi
262 1607 349 1633 cum
369 1608 393 1632 a
410 1595 515 1633 sociis
533 1602 570 1633 et
587 1608 610 1633 a
634 1607 673 1632 se
699 1593 877 1642 injuriam
906 1590 1168 1644 propulsaret?

69 1644 172 1682 Cum
185 1654 334 1686 senatus
350 1648 607 1700 impediretur,
620 1647 824 1698 quominus
842 1646 912 1693 (id,
932 1644 1035 1696 quod
1051 1644 1170 1682 hosti-

68 1698 142 1735 bus
171 1711 317 1751 semper
340 1708 418 1738 erat
433 1701 636 1748 tributum)
648 1711 867 1751 responsum
883 1698 1070 1750 equitibus
1090 1697 1170 1734 Ro-

70 1751 193 1790 manis
209 1753 447 1799 redderetur3
476 1754 652 1792 omnibus
670 1753 737 1791 illa
753 1752 892 1802 injuria
903 1750 1022 1789 dolori
1039 1749 1166 1801 publi-

67 1804 172 1842 canis
189 1804 262 1844 fuit
276 1820 288 1843 ε
316 1806 381 1844 sed
398 1819 487 1845 eum
504 1807 631 1859 ipsum
658 1807 825 1844 dolorem
848 1805 910 1843 hic
939 1803 1028 1842 tulit
1054 1803 1170 1854 paulo

69 1857 248 1908 apertius.
276 1859 500 1898 Communis
511 1861 575 1898 ille
585 1872 714 1899 sensus
725 1860 765 1897 in
776 1859 858 1897 aliis
871 1858 1026 1895 fortasse
1036 1856 1168 1893 latuit:

71 1909 148 1957 hic,
180 1911 283 1962 quod
308 1925 396 1950 cum
415 1913 557 1951 caeteris
587 1913 716 1951 animo
743 1911 939 1957 sentiebat,
968 1910 1008 1947 id
1034 1908 1170 1958 magiS,

69 1975 190 2013 quam
206 1965 343 2011 caeteri,
358 1973 395 2003 et
411 1966 520 2004 vultu
538 1973 733 2017 promtum
750 1965 898 2011 habuit,
919 1971 955 2001 et
971 1961 1116 2012 lingua.

125 2016 387 2069 Quamquam,
403 2019 564 2067 judiees,
591 2022 767 2070 (agnosco
791 2018 894 2056 enim
918 2029 965 2054 ex
982 2022 1062 2061 me)
1087 2026 1172 2064 per-

71 2071 196 2107 multa
212 2070 253 2108 in
273 2071 488 2119 Plancium,
507 2085 594 2123 quae
611 2074 658 2110 ab
675 2085 720 2110 eo
738 2082 936 2121 nunquam
954 2068 1054 2105 dicta
1069 2073 1171 2113 sunt,

73 2122 328 2162 conferuntur.
370 2124 456 2176 Ego
473 2126 564 2176 quia
588 2125 672 2163 dico
694 2124 838 2175 aliquid
857 2120 1074 2173 aliquando,
1094 2131 1170 2156 non

71 2175 196 2215 studio
213 2175 411 2227 adductus,
430 2178 495 2217 sed
512 2178 747 2217 contentione
766 2175 926 2222 dicendi,
947 2181 1013 2211 aut
1026 2171 1172 2211 lacessi-
