1425 2334
341 73 454 111 PRO
483 72 705 112 SEXTIO.
737 72 844 110 cum.
874 75 937 110 28.
1114 75 1192 116 287

93 190 193 230 rege,
210 177 392 230 Tigrane,
411 191 524 230 grave
541 179 685 217 bellum
704 180 1072 230 pei-diuturnumque
1082 181 1197 230 gessi-

93 245 206 277 mus;
234 244 323 271 cum
341 233 419 279 ille,
439 232 587 280 injuriis
605 233 645 270 in
675 233 791 270 socios
809 240 955 270 nostros
978 233 1196 280 inferendis,

94 285 193 323 bello
210 298 327 336 prope
345 297 412 323 nos
437 285 653 324 lacessisset.
684 286 761 323 Hic
780 293 816 323 ct
835 286 913 336 ipse
937 299 1004 337 per
1023 298 1061 323 se
1085 287 1198 325 vehe-

93 350 201 376 mens
229 338 317 386 fuit,
349 347 386 377 et
403 338 628 376 acerrimum
646 339 793 376 hostem
812 338 927 388 hujus
948 339 1099 390 imperii
1117 340 1201 378 Mi-

93 390 310 439 thridatem,
330 392 485 443 pulsum
506 392 642 440 Ponto,
663 392 798 442 opibus
816 392 893 429 suis
918 405 1108 443 regnoque
1133 393 1197 432 de-

93 443 237 483 fendit:
268 453 305 484 et
323 459 347 483 a
365 445 543 492 Lucullo,
564 458 714 483 summo
734 445 813 483 viro
831 452 946 496 atque
959 446 1197 496 imperatore,

92 498 239 548 pulsus,
259 498 387 537 animo
404 506 531 537 tamen
550 499 690 544 hostili,
706 511 795 537 cum
815 499 968 550 reliquis
987 499 1103 550 copiis
1121 500 1199 538 suis

91 551 131 588 in
142 552 303 602 pristina
320 560 446 590 mente
463 552 614 590 mansit.
645 552 763 589 Hunc
782 551 852 590 Cn.
874 552 1094 603 Pompeius,
1110 565 1198 590 cum

94 604 133 641 in
146 605 223 642 suis
235 606 362 644 castris
374 605 584 656 supplicem
596 605 861 656 abjectumque
875 605 1040 654 vidisset,
1053 606 1171 644 erexit
1184 619 1197 651 ;

92 665 207 708 atque
225 658 370 709 insigne
384 659 545 710 regium,
561 658 664 709 quod
682 659 746 696 ille
764 658 810 696 de
829 671 897 696 suo
915 658 1036 709 capite
1054 660 1200 708 abjece-

93 718 164 758 rat,
175 713 361 762 reposuit3
375 719 425 759 et,
439 712 631 763 imperatis
643 712 749 750 certis
760 713 885 759 rebus,
898 724 1053 762 regnare
1063 713 1196 761 jussit:

92 775 161 802 nec
179 765 307 803 minus
326 772 363 803 et
381 765 452 804 sibi
470 773 507 803 et
524 765 613 803 huic
631 765 789 816 imperio
807 765 1014 815 gloriosum
1032 766 1196 816 putavit,

92 818 338 856 constitutum
358 832 381 856 a
398 831 438 856 se
455 831 596 869 regem,
617 831 734 869 quam
752 818 1007 866 constrictum,
1028 819 1157 857 videri.

95 905 97 907 .
148 870 230 918 Qui
248 878 284 910 et
302 872 381 923 ipse
399 871 516 910 hostis
534 871 608 909 fuit
633 872 767 922 populi
792 872 973 919 Romani,
1001 878 1038 909 et
1065 873 1197 914 acerri-

92 936 201 962 mum
220 924 367 963 hostem
385 925 426 962 in
455 937 614 976 regnum
635 925 796 975 recepit3
828 925 895 976 qui
917 924 1100 973 conflixit,
1130 926 1198 977 qui

93 977 201 1028 signa
219 978 392 1025 contulit,
419 978 486 1029 qui
510 978 557 1016 de
575 978 735 1029 imperio
753 990 860 1028 paene
878 978 1046 1026 certavit,
1066 988 1198 1029 regnat

93 1030 218 1078 hodie,
240 1039 277 1069 et
294 1031 468 1070 amicitiae
487 1043 626 1069 nomen
651 1043 693 1069 ac
722 1031 919 1077 societatis,
951 1031 1054 1082 quod
1083 1032 1199 1070 armis

93 1083 264 1132 violarat,
280 1085 320 1122 id
338 1084 510 1136 precibus
530 1092 584 1123 est
598 1092 839 1122 consecutus:
869 1085 933 1122 ille
947 1084 1111 1136 Cyprius
1124 1086 1198 1123 mi-

93 1149 165 1183 ser,
186 1138 253 1189 qui
272 1151 419 1189 semper
437 1138 571 1184 socius,
599 1151 745 1188 semper
768 1137 912 1176 amicus
929 1137 1027 1184 fuit;
1057 1138 1104 1176 de
1121 1152 1198 1190 quo

92 1191 200 1229 nulla
217 1203 389 1242 unquam
408 1191 570 1242 suspicio
583 1191 712 1228 durior
730 1198 796 1229 aut
814 1191 862 1228 ad
881 1198 1054 1229 senatum
1069 1199 1135 1229 aut
1149 1192 1197 1230 ad

93 1243 334 1294 imperatores
352 1252 497 1283 nostros
515 1245 630 1282 allata
648 1252 717 1291 est,
738 1244 846 1282 vivus
866 1246 927 1286 (ut
945 1244 1068 1291 aiunt)
1087 1252 1143 1282 est
1160 1254 1197 1284 et

94 1296 238 1344 videns,
258 1310 346 1335 cum
365 1297 466 1336 victu
482 1310 525 1336 ac
535 1297 670 1335 vestitu
683 1310 765 1344 suo,
785 1297 1009 1348 publicatus.
1038 1297 1117 1345 En,
1131 1311 1197 1336 cur

91 1351 215 1388 caeteri
228 1363 332 1401 reges
347 1352 521 1389 stabilem
535 1363 612 1389 esse
627 1363 735 1388 suam
751 1350 943 1388 fortunam
955 1351 1196 1398 arbitrentur,

92 1415 195 1451 cum,
215 1403 286 1442 hoc
303 1404 406 1442 iuius
418 1404 558 1442 funesti
571 1403 662 1442 anni
672 1403 820 1454 prodito
831 1404 1018 1454 exemplo,
1031 1404 1195 1453 videant,

90 1469 158 1507 per
176 1458 373 1495 tribunum
391 1457 572 1508 aliquem,
592 1464 630 1495 et
648 1464 838 1496 sexcentas
856 1470 1002 1508 operas,
1022 1470 1060 1496 se
1077 1457 1198 1496 fortu-

90 1510 149 1548 nis
163 1510 328 1560 spoliari,
349 1518 386 1549 et
402 1523 518 1561 regno
535 1510 640 1548 omni
656 1523 764 1562 posse
781 1510 929 1548 nudari.

143 1563 352 1602 XXVIII.
380 1565 438 1601 At
449 1564 564 1602 etiam
581 1577 625 1602 eo
648 1564 797 1614 negotio
809 1564 870 1602 M.
885 1563 1041 1602 catonis
1071 1566 1196 1617 splen-

90 1615 221 1654 dorem
233 1618 422 1657 maculare
433 1618 613 1655 volucrun
618 1625 646 1663 t,
660 1617 796 1667 ignari,
810 1617 903 1668 quid
915 1617 1090 1668 gravitas,
1103 1619 1196 1679 quid

91 1668 299 1719 integritas,
319 1669 413 1721 quid
430 1670 653 1721 magnitudo
671 1671 804 1719 animi,
829 1671 924 1722 quid
940 1670 1104 1721 denique
1122 1673 1196 1710 vir-

92 1730 167 1769 tus,
188 1722 350 1760 valeret.
381 1736 467 1774 quae
495 1724 535 1761 in
559 1731 780 1774 tempestate
809 1737 908 1762 saeva
926 1723 1052 1775 quieta
1070 1732 1138 1771 est,
1159 1733 1195 1763 et

90 1774 220 1813 lucet
209 1787 248 1812 m
269 1777 443 1824 tenebris,
463 1784 513 1824 et,
533 1777 644 1828 pulsa
659 1777 755 1822 loco,
775 1784 903 1815 manet
921 1784 1064 1825 tamen,
1079 1785 1193 1828 atque

91 1828 237 1866 haeret
226 1841 266 1866 m
284 1829 419 1880 patria,
442 1830 688 1881 splendetque
717 1843 783 1880 per
811 1843 851 1868 se
880 1843 1040 1881 semper,
1071 1843 1194 1882 neque

90 1881 222 1923 alienis
241 1894 411 1932 unquam
430 1883 600 1921 sordibus
619 1884 824 1921 obsolescit.
866 1884 955 1921 Non
974 1883 1030 1920 illi
1057 1896 1194 1922 ornan-

90 1934 187 1974 dum
205 1934 266 1972 Μ.
287 1936 485 1983 catonem,
501 1936 566 1974 sed
583 1936 849 1986 relegandum3
870 1949 938 1974 nec
951 1935 1008 1972 illi
1019 1936 1194 1974 commit-

92 1988 251 2026 tendum
276 1988 372 2026 illud
401 1988 610 2039 negotium,
639 1989 704 2027 sed
726 1989 1015 2040 imponendum,
1038 1997 1194 2039 putave—

92 2048 210 2085 runt3
241 2041 307 2092 qui
330 2041 370 2078 in
398 2042 573 2080 concione
594 2042 721 2093 palam
750 2042 927 2088 dixerint,
957 2041 1129 2092 linguam
1153 2057 1193 2086 se

91 2094 258 2133 evellisse
276 2094 336 2132 M.
357 2095 506 2143 Catoni,
525 2109 611 2147 quae
625 2108 774 2146 ‘semper
793 2103 920 2133 contra
938 2095 1193 2134 extraordina-

91 2147 164 2186 rias
181 2154 380 2198 potestates
397 2148 514 2188 libera
532 2148 672 2189 fuisset.
713 2148 837 2196 Tulit,
857 2147 981 2198 gessit.
1015 2148 1089 2187 Sed
1109 2162 1192 2188 sen-
