1455 2343
247 83 324 120 246
480 81 594 122 PRO
625 80 891 121 PLANCIO.
921 81 1025 121 Cn.
1047 83 1110 121 29.

239 189 323 240 lege
349 189 401 237 Q.
423 189 605 228 Metellus
629 189 670 227 in
693 189 885 228 civitatem
904 189 951 228 sit
978 188 1197 227 restitutus:
1227 200 1352 239 repre·

239 243 375 281 hendis
393 256 496 282 meas
513 256 582 294 pro
610 243 767 281 Plancio
790 257 930 294 preces,
957 243 1060 294 quod
1083 255 1151 280 nec
1171 241 1352 292 Opimius

243 309 311 335 suo
330 298 484 339 nomine
501 298 681 335 liberatus
701 297 761 344 sit,
782 310 850 335 nec
868 297 919 345 Q.
941 296 1094 335 Meteffi
1112 295 1294 334 Calidius.

252 375 256 379 ·
295 350 457 389 XXIX.
487 350 549 388 De
568 351 715 389 Calidio
740 350 810 388 tibi
835 358 985 388 tantum
1008 349 1228 401 respondeo,
1248 348 1352 409 quod

238 403 337 464 ipse·
352 404 454 442 vidi:
486 404 537 452 Q.
555 404 761 442 Metellum
781 404 912 451 Pium,
938 404 1146 450 consulem,
1170 402 1354 454 praetoriis

242 457 416 505 comitiis,
436 465 585 510 petente
605 457 656 505 Q.
678 457 840 504 Calidio,
860 457 1002 508 populo
1013 458 1191 496 Romano
1210 455 1357 507 suppli-

243 523 358 557 casse,
378 525 467 549 cum
486 511 640 563 quidem
660 523 736 548 non
756 511 958 557 dubitaret,
975 517 1012 548 et
1025 510 1170 558 consul,
1187 517 1223 548 et
1239 510 1356 547 homo

243 565 515 612 nobilissimus,
542 571 747 615 patronum
765 564 878 601 illum
897 577 974 602 esse
991 577 1121 610 suum,
1141 570 1178 601 et
1201 563 1358 601 familiae

246 631 325 656 suae
340 617 642 669 [nobilissimae],
656 618 787 655 dicere.
805 617 896 664 Quo
906 617 988 655 loco
1000 630 1127 668 quaero
1142 629 1190 655 ex
1204 623 1255 664 te,
1265 628 1360 654 num

245 671 287 710 id
304 672 345 709 in
361 672 504 721 judicio
524 671 663 709 Calidii
681 679 807 721 puteS,
821 670 924 721 quod
943 684 1012 721 ego
1029 671 1069 708 in
1082 670 1230 708 Plancii
1247 670 1359 717 facio,

246 732 314 763 aut
348 726 555 763 Metellum
586 724 717 773 Pium,
750 724 783 762 si
806 725 943 762 Romae
970 737 1048 762 esse
1072 723 1266 775 potuisset,
1296 730 1363 760 aut

245 786 395 830 patrem
417 780 515 828 ejus,
540 778 571 816 si
589 778 754 824 vixisset,
779 789 854 815 non
880 777 996 816 fuisse
1020 777 1224 815 facturum.
1254 777 1361 814 Nam

247 832 397 883 Opimii
419 832 579 883 quidem
603 832 796 869 calamitas
819 831 968 868 utinam
993 844 1041 869 ex
1062 831 1264 868 hominum
1282 843 1364 868 me-

247 886 370 924 moria
392 893 517 936 posset
543 885 653 923 evelli
669 886 678 923 !
711 886 865 923 Vulnus
883 884 981 922 illud
999 884 1229 936 reipublicae,
1249 883 1362 922 dede-

248 953 316 978 cus
333 940 450 989 hujus
468 939 632 990 imperii,
653 939 849 990 turpitudo
866 938 1000 990 populi
1011 938 1193 985 Romani,
1213 950 1290 976 11011
1299 938 1364 985 ju-

249 993 393 1031 dicium
407 993 623 1044 putandum
643 1000 709 1030 est.
739 992 871 1039 Quam
889 992 992 1030 enim
1007 991 1065 1029 ini
1079 991 1223 1041 judices
1237 991 1286 1034 (si
1301 992 1365 1040 ju-

248 1047 363 1095 dices,
385 1056 421 1085 et
439 1060 516 1085 non
535 1046 729 1098 parricidae
746 1046 891 1097 patriae,
912 1045 1134 1083 nominandi
1152 1052 1258 1092 sunt)
1277 1058 1365 1095 gra-

248 1101 391 1139 viorem
405 1107 611 1152 potuerunt
629 1100 846 1152 reipublicae
856 1099 1026 1150 infligere
1038 1099 1212 1145 securim,
1228 1111 1361 1150 quam,

251 1167 342 1193 cum
359 1155 472 1192 illum
491 1168 511 1192 e
530 1154 679 1192 civitate
704 1155 907 1203 ejecerunt,
934 1153 1002 1204 qui
1026 1160 1163 1205 praetor
1184 1152 1361 1199 finitimo,

250 1209 383 1246 consul
400 1208 603 1246 domestico
622 1209 736 1255 bello,
757 1208 1033 1259 rempublicam
1051 1207 1259 1245 liberarat?

304 1262 364 1299 At
393 1262 495 1300 enim
525 1262 639 1299 nimis
667 1274 736 1312 ego
759 1274 943 1311 magnum
968 1261 1194 1298 beneficium
1218 1259 1365 1297 Plancii

251 1315 363 1363 facio,
384 1322 434 1362 et,
455 1323 499 1353 ut
517 1316 585 1364 ais,
610 1315 652 1352 id
675 1315 797 1353 verbis
820 1327 1029 1365 exaggero:
1060 1313 1168 1365 quasi
1187 1326 1273 1351 vero
1301 1326 1365 1351 me

251 1376 319 1406 tuo
351 1368 547 1416 arbitratu,
583 1375 620 1406 et
649 1381 725 1406 non
756 1380 854 1416 me0,
888 1375 1040 1418 gratum
1071 1381 1148 1406 esse
1182 1373 1364 1418 oporteat.

253 1422 370 1470 Quod
392 1422 499 1460 istius
520 1429 669 1460 tantum
697 1422 878 1459 meritum
893 1424 910 1459 ἓ*
944 1421 1096 1472 inquit:
1136 1433 1184 1458 an
1215 1420 1306 1472 quia
1329 1427 1366 1458 te

252 1488 329 1514 non
344 1476 564 1526 jugulavit?
592 1476 711 1513 immo
730 1488 830 1522 vem,
847 1475 938 1526 quia
952 1474 1122 1526 jugulari
1140 1487 1272 1525 passus
1290 1486 1366 1511 non

253 1536 320 1568 est.
351 1529 442 1577 Quo
454 1529 610 1580 quidem
630 1538 671 1567 tu
685 1530 780 1578 loco,
795 1529 915 1577 Cassi,
931 1529 1045 1566 etiam
1057 1528 1229 1580 purgasti
1239 1527 1368 1565 inimi-

252 1596 315 1621 cos
334 1596 452 1630 meos,
473 1596 643 1634 meaeque
661 1583 748 1621 vitae
773 1584 897 1620 nullas
919 1584 967 1620 ab
986 1582 1062 1620 illis
1080 1582 1234 1619 insidias
1252 1581 1370 1619 fuisse

252 1637 393 1674 dixisti.
426 1637 559 1674 Posuit
577 1638 647 1675 hoc
661 1637 763 1674 idem
784 1636 1012 1674 Laterensis.
1042 1635 1308 1683 Quamobrem
1323 1635 1371 1673 de

253 1690 326 1728 isto
351 1691 467 1742 paulo
490 1699 575 1742 post
597 1692 709 1742 plura
729 1691 877 1728 dicam·
909 1690 955 1727 de
974 1698 1011 1727 te
1030 1697 1180 1727 tantum
1202 1688 1369 1740 requiro,

253 1751 386 1782 utrum
410 1752 519 1795 putes
545 1744 708 1782 0(1111111
698 1757 738 1781 111
761 1758 824 1782 1118
841 1744 1027 1782 mediocre
1048 1743 1291 1780 inimicorum
1308 1741 1370 1779 fu-

253 1797 354 1836 isse?
388 1797 491 1849 quod
519 1797 593 1836 fuit
622 1798 789 1836 ullorum
819 1810 992 1849 unqua-m
1016 1799 1264 1835 barbarorum
1292 1803 1372 1833 tam

253 1850 423 1889 immane
441 1864 484 1889 ac
503 1859 582 1888 tam
602 1851 783 1890 crudele'
773 1864 814 1889 111
841 1852 1015 1889 hostem.
1005 1853 1023 1877 ⁹
1052 1863 1101 1888 an
1123 1850 1239 1888 fuisse
1263 1849 1302 1886 in
1325 1848 1372 1886 115

255 1905 423 1956 aliquem
442 1912 509 1942 aut
522 1905 635 1943 famae
652 1913 814 1952 metum,
835 1913 902 1943 aut
914 1917 1050 1956 poenae,
1067 1916 1232 1956 quorum
1246 1902 1373 1940 vidisti

254 1964 335 1996 toto
353 1958 420 1996 illo
439 1971 538 1996 anno
556 1959 733 1996 sermm
723 1972 762 1996 m
787 1959 892 2025 foro,
905 1959 1102 1997 flammam
1125 1957 1167 1994 in
1189 1955 1371 2002 delubris,

256 2011 336 2050 vim
354 2012 393 2049 in
409 2012 488 2050 tota
498 2013 618 2060 Urbe,
631 2013 803 2052 versari.
823 2013 895 2050 nisi
909 2013 1006 2050 forte
1021 2011 1225 2058 existimas,
1240 2021 1302 2047 eos
1313 2009 1372 2046 id-

255 2065 352 2104 circo
371 2066 458 2104 vitae
479 2078 574 2104 meae
592 2067 814 2117 pepercisse,
835 2066 938 2117 quod
963 2066 1009 2103 de
1035 2065 1159 2103 reditu
1181 2075 1268 2101 meo
1293 2074 1371 2100 non

255 2119 457 2163 timerent,
489 2127 525 2157 et
544 2133 778 2171 quemquam
797 2131 909 2171 putas
926 2119 1042 2157 fuisse
1056 2126 1136 2156 tam
1155 2116 1370 2161 excordem,

256 2172 337 2224 qui,
359 2186 419 2211 111
422 2185 452 2211 15
471 2172 544 2222 his,
561 2180 681 2213 stante
702 2174 807 2213 Urbe
828 2180 863 2212 ct
883 2173 1001 2223 curia,
1015 2171 1226 2211 rediturum
1246 2182 1321 2217 me,
1343 2168 1372 2206 si
