1435 2328
217 55 264 93 14
468 53 583 94 PRO
612 52 850 93 FLACCO.
878 52 985 92 CAP.
1013 52 1075 92 14.

214 161 533 214 Adramyttenus,
546 162 662 201 homo
673 162 826 210 nobihs,
839 162 900 211 cuj
906 173 952 199 us
966 168 1024 199 est
1036 161 1115 200 fere
1126 159 1237 200 nobis
1245 171 1336 199 om-

215 217 329 255 nibus
348 229 488 254 nomen
510 217 700 265 auditum,
716 216 856 254 Atinas
874 215 997 267 pugil,
1013 214 1326 266 Olympionices.
1314 213 1337 237 9

215 271 289 309 hoc
306 278 362 309 est
387 270 491 322 apud
510 271 662 309 Graecos
693 270 895 321 (quoniam
917 270 964 307 de
993 281 1125 307 eorum
1148 268 1333 319 gravitate

217 323 397 373 dicimus)
414 337 531 375 prope
549 326 675 385 majus
695 332 731 362 et
749 323 961 375 gloriosius,
982 335 1101 374 quam
1117 323 1255 360 Romae
1266 321 1335 359 tri-

218 379 439 430 umphasse.
468 382 527 416 At
549 378 742 416 neminem
769 377 910 428 cepisti.
951 376 1084 425 Quam
1113 375 1229 414 multi
1257 388 1334 413 orae

218 433 422 470 maritimae
440 432 638 470 clarissimi
664 432 734 469 viri
759 431 1008 482 praefuerunt,
1029 430 1110 481 qui,
1131 442 1220 468 cum
1238 442 1336 480 prae-

218 487 358 524 donem
377 487 529 524 nullum
550 486 747 537 cepissent,
767 498 872 523 mare
891 492 1019 523 tamen
1043 491 1172 521 tutum
1190 482 1338 534 praesti-

219 547 349 578 terunt
365 542 382 578 ,9
413 540 534 578 Casus
553 549 608 577 est
627 540 729 576 enim
748 539 785 575 in
807 538 1004 590 capiendo,
1022 538 1142 585 locus,
1164 544 1335 584 eventus,

219 594 362 632 occasio
378 609 388 631 :
420 593 647 631 defendendi
661 593 780 631 facilis
795 600 850 630 est
868 592 1007 638 cautio,
1023 604 1100 629 non
1115 591 1240 630 solum
1251 590 1339 628 lati-

221 648 322 687 bulis
348 648 583 686 occultorum
613 648 798 693 locorum,
832 646 898 684 sed
923 645 1038 685 etiam
1066 651 1339 697 tempestatum

223 702 482 739 moderatione
501 709 537 739 et
552 713 646 739 conv
648 701 804 738 ersione.

276 756 396 794 XIV.
414 755 627 806 Reliquum
637 762 705 801 est,
715 761 759 791 ut
767 760 972 805 quaeratur,
982 760 1114 791 utrum
1121 751 1193 790 ista
1200 750 1340 817 classis,

224 823 338 848 cursu
357 817 394 847 et
413 809 540 852 remis
556 821 604 846 an
625 815 756 846 sumtu
771 815 923 845 tantum
939 814 976 845 et
988 807 1121 855 literis,
1138 805 1337 857 navigarit.

228 864 341 902 Num
359 863 400 900 id
424 863 541 913 igitur
560 862 691 913 negari
716 869 852 913 potest,
884 862 994 910 cujus
1011 861 1066 899 rei
1085 867 1221 898 cuncta
1236 859 1344 898 testis

228 925 285 956 est
303 917 413 965 Asia,
433 916 614 967 bipartito
609 895 790 954 ”classem
809 915 1054 954 distributam
1065 913 1194 960 fuisse,
1207 919 1251 951 ut
1265 925 1345 952 una

227 985 316 1023 pars
336 983 450 1022 supra
468 970 685 1021 Ephesum,
699 970 817 1007 altera
834 968 934 1007 infra
952 968 1169 1020 Ephesum,
1189 967 1345 1018 naviga-

228 1028 320 1064 ret?
365 1025 453 1062 Hac
483 1025 599 1062 classe
623 1023 685 1061 M.
713 1023 745 1061 C
748 1036 885 1069 rassus,
910 1022 968 1061 vir
996 1021 1268 1073 amplissimus,
1299 1022 1348 1059 ab

231 1078 366 1118 AEno
356 1091 397 1116 111
416 1078 569 1139 Asiam,
589 1077 648 1115 his
667 1077 830 1115 navibus
849 1077 1010 1115 Flaccus
1029 1089 1076 1114 ex
1091 1075 1214 1113 Asia
1203 1087 1243 1112 m
1258 1075 1353 1113 Ma-

232 1133 444 1180 cedoniam,
464 1131 673 1192 navigavit.
701 1131 750 1169 In
770 1144 846 1182 quo
865 1130 983 1181 igitur
1001 1129 1170 1182 praetoris
1189 1135 1244 1166 est
1262 1128 1350 1166 dili-

230 1187 359 1238 gentia
377 1185 625 1237 requirenda.
617 1187 633 1213 9
662 1184 703 1222 111
721 1197 882 1223 1111111ε10
896 1184 1068 1246 navium,
1085 1190 1122 1222 et
1132 1183 1171 1220 in
1186 1182 1351 1234 descrip-

234 1241 337 1279 tione
366 1239 545 1291 aequabili
575 1242 747 1277 sumtus.
739 1241 755 1266 9
785 1239 990 1276 (111111(1111111
1010 1239 1107 1288 ejus,
1137 1249 1211 1288 quo
1231 1236 1353 1274 Pom-

233 1295 344 1346 peius
377 1301 457 1332 erat
483 1306 589 1341 usuS,
621 1293 833 1344 imperavit.
875 1293 987 1330 Num
1018 1291 1142 1343 potuit
1170 1290 1343 1341 parcius.
1333 1292 1351 1317 9

234 1347 446 1399 Descripsit
474 1354 603 1385 autem
632 1347 834 1398 pecuniam
867 1346 916 1384 ad
949 1345 1123 1397 Pompeii
1151 1343 1352 1392 rationem,

236 1416 324 1454 quae
345 1402 421 1439 fuit
449 1401 734 1439 accommodata
764 1401 812 1438 L.
843 1400 961 1439 Sullae
990 1397 1253 1450 descriptioni3
1284 1397 1354 1459 (1111

236 1469 326 1494 cum
344 1456 385 1493 in
404 1468 536 1493 omnes
554 1455 662 1492 Asiae
681 1454 848 1493 civitates
878 1467 947 1505 pro
976 1454 1145 1506 portione
1171 1451 1354 1504 pecunias

236 1509 518 1561 descripsisset3
548 1509 656 1546 illam
674 1509 876 1556 rationem,
895 1509 937 1548 in
961 1506 1182 1560 imperando
1204 1513 1351 1554 sumtu,

240 1571 278 1602 et
296 1563 505 1614 Pompeius
517 1570 553 1601 et
573 1563 733 1601 Flaccus
748 1570 899 1601 secutus
911 1569 991 1602 est·
1020 1574 1143 1614 neque
1154 1568 1211 1600 est
1224 1559 1361 1599 adhuc,-

241 1624 372 1656 tamen
389 1630 432 1655 ea
451 1629 605 1654 summa
623 1617 822 1668 completa.

298 1671 392 1710 Non
410 1671 524 1709 refert
536 1684 635 1709 vero.
665 1671 773 1718 Quid
790 1672 983 1710 lucretur.
972 1673 991 1700 9
1020 1682 1107 1709 cum
1122 1668 1224 1708 enim
1234 1679 1357 1720 genus

240 1725 436 1776 imperatae
454 1724 625 1776 pecuniae
643 1737 706 1763 sus
709 1725 824 1776 cipit,
855 1725 908 1771 id,
929 1725 1033 1776 quod
1051 1732 1093 1762 tu
1112 1723 1254 1762 crimen
1279 1734 1360 1761 aese

243 1779 315 1827 vis,
336 1778 547 1817 confitetur.
578 1778 685 1826 Qui
675 1779 793 1829 igitur
811 1780 963 1830 probari
977 1785 1112 1830 potest,
1124 1777 1166 1814 in
1184 1776 1229 1815 ea
1242 1788 1360 1841 pecu-

243 1832 309 1870 nia
327 1845 404 1870 non
422 1832 632 1879 referenda,
654 1833 796 1870 crimen
821 1833 892 1871 sibi
917 1833 1044 1883 ipsum
1066 1830 1230 1879 facere,
1219 1843 1261 1868 m
1280 1843 1359 1882 qua

243 1886 386 1926 crimen
407 1893 502 1924 esset
516 1887 684 1933 nullum,
709 1887 741 1924 si
759 1886 938 1925 referret.
929 1888 946 1914 9

297 1940 356 1978 At
375 1940 477 1978 enim
493 1953 607 1990 negas
625 1940 781 1978 fratrem
801 1953 946 1988 meum,
967 1939 1035 1991 (1111
1048 1940 1097 1977 L.
1117 1939 1256 1977 Flacco
1274 1949 1367 1976 suc-.

245 1994 407 2040 cesserit,
420 1995 621 2045 pecuniam
634 1994 776 2032 ullam
765 2006 806 2031 m
819 1994 980 2044 remiges
991 1992 1207 2045 imperasse.
1237 1990 1366 2042 Equi-

247 2048 337 2086 dem
356 2047 496 2096 Quinti
514 2048 639 2086 fratris
657 2048 733 2086 mei
751 2047 865 2086 laude
879 2048 1066 2085 delector·
1054 2073 1068 2092 ,
1097 2046 1164 2084 sed
1179 2044 1264 2083 aliis
1277 2057 1365 2082 ma-

246 2102 318 2152 gis,
352 2102 588 2152 gravioribus
619 2108 735 2152 atque
762 2101 982 2163 majoribus.
1022 2099 1149 2138 Aliud
1177 2097 1366 2150 quiddam

247 2156 394 2202 statuit,
407 2155 512 2194 aliud
528 2155 630 2194 vidit.
661 2154 922 2205 Existimavit,
938 2165 1183 2206 quocumque
1193 2160 1369 2204 tempore.
