1425 2334
343 87 454 128 PRO
485 87 750 127 PLANCIO.
782 90 883 127 cm.
917 91 979 127 422.
1136 90 1212 131 259

114 192 184 230 nisi
204 202 239 232 te
254 207 341 232 cum
356 195 443 233 111οἓ1
454 196 574 234 salute
586 196 783 246 complecti
799 199 813 233 ἓ
844 197 1002 234 salutem
1017 196 1086 234 tibi
1101 194 1215 233 iidem

113 246 201 284 dare
218 256 388 298 possunt,
402 248 469 298 qui
487 249 582 286 1111111
601 249 854 287 reddiderunt.
886 250 975 287 Huc
991 262 1149 299 exsurge
1160 256 1217 286 ta-

113 311 215 347 men,
235 314 386 352 quaeso:
408 302 588 348 retinebo,
606 311 642 340 et
661 303 910 353 complectar:
932 315 1000 340 nec
1018 315 1080 340 me
1094 303 1217 340 solum

113 351 392 404 deprecatorem
409 354 648 394 fortunarum
668 363 836 401 tuanun,
869 355 934 393 sed
963 356 1140 394 comitem
1160 368 1218 393 so-

112 405 304 458 ciumque,
320 408 550 468 profitebor:
580 417 696 460 atque
715 413 776 451 (ut
793 416 917 460 spero)
931 421 1043 446 nemo
1056 409 1125 446 erit
1140 417 1218 446 tam

112 459 255 498 crudeli
268 461 409 509 animo,
422 468 578 513 tamque
591 463 815 509 inhumano,
832 475 900 500 nec
913 470 991 499 tam
1004 462 1218 507 immemor,

111 524 187 550 non
199 513 323 552 dicam
337 527 510 553 meorum
524 517 564 553 in
577 518 694 554 bonos
706 516 946 575 meritorum,
957 515 1021 553 sed
1037 517 1221 553 bonorum

111 565 153 603 in
171 578 248 609 1110
269 569 337 619 qui
356 581 379 606 a
396 581 459 606 me
483 569 560 607 mei
585 576 810 607 servatorem
836 568 968 620 capitis
997 568 1152 607 divellat
1177 581 1221 606 ac

111 612 306 659 distrahat.

167 673 258 712 Non
279 687 348 725 ego
366 676 460 714 meis
478 682 654 714 ornatum
673 675 864 714 beneficiis
879 689 901 713 a
913 675 1017 714 vobis
1032 675 1222 726 deprecor,

109 726 272 775 judices,
293 728 356 766 sed
376 729 570 767 custodem
590 730 721 767 salutis
739 741 859 767 meae:
890 741 967 766 non
987 729 1121 780 opibus
1136 740 1224 766 con-

113 780 241 829 tendo,
261 794 338 819 non
357 782 590 830 auctoritate,
604 795 680 820 non
698 782 847 833 grati&
877 781 943 820 sed
960 781 1147 833 precibus,
1161 781 1225 819 sed

112 833 303 885 lacrymis,
325 835 388 873 sed
407 835 661 874 misericordi&
676 850 686 873 :
717 848 945 886 mecumque
959 848 1023 873 vos
1036 834 1150 873 simul
1164 834 1226 872 hic

113 886 349 926 miserrimus
370 895 406 926 et
424 889 592 939 optimus
611 891 819 928 obtestatur
838 901 986 939 parens,
1007 897 1044 926 et
1061 900 1130 938 pro
1149 900 1227 925 uno

114 940 193 978 filio
211 941 287 980 (1110
305 948 428 993 patres
441 942 696 993 deprecamur.
728 942 874 988 Nolite,
887 941 1045 990 judices,
1061 954 1128 992 per
1147 953 1226 987 vos,

116 1006 182 1044 per
217 994 389 1033 fortunas
426 1003 582 1043 vestras,
620 1009 687 1046 per
719 995 855 1033 liberos
881 1003 1033 1041 vestros,
1065 994 1227 1032 inimicis

117 1048 226 1096 meis,
246 1047 305 1086 his
323 1049 532 1099 praesertim
558 1063 653 1100 quos
680 1061 749 1099 ego
779 1061 847 1099 pro
867 1048 990 1086 vestr&
1009 1048 1128 1086 salute
1146 1060 1228 1085 sus-

117 1101 214 1152 cepi,
245 1100 334 1139 dare
365 1102 550 1149 laetitiam,
584 1102 845 1153 gloriantibus,
873 1114 937 1140 vos
964 1102 1066 1150 (jam
1092 1101 1227 1139 oblitos

119 1154 210 1201 mei,
231 1155 438 1206 salutisque
456 1157 551 1205 ejus,
572 1169 595 1193 a
612 1168 689 1206 quo
707 1167 793 1192 mea
811 1155 912 1192 salus
926 1162 1143 1193 conservata
1156 1160 1227 1200 est)

121 1208 244 1246 hostes
271 1209 466 1247 exstitisse.
507 1209 639 1246 Nolite
663 1209 835 1246 animum
861 1221 992 1246 meum
1018 1207 1226 1253 debilitare,

121 1270 204 1298 tum
233 1261 355 1310 luctu,
386 1270 471 1299 tum
491 1262 605 1300 etiam
630 1269 734 1299 metu
754 1268 996 1299 commutatae
1014 1268 1144 1299 vestrae
1162 1273 1229 1298 vo-

121 1314 278 1353 luntatis
297 1328 385 1366 erga
402 1328 477 1353 me.
520 1315 639 1353 Sinite
657 1328 733 1363 me,
754 1315 858 1366 quod
876 1314 981 1353 vobis
999 1314 1116 1352 fretus
1141 1314 1230 1352 huic

121 1381 220 1419 saepe
243 1368 413 1419 promisi,
445 1368 485 1406 id
514 1381 538 1406 a
555 1368 660 1407 vobis
679 1369 712 1406 01
742 1368 961 1419 persolvere.
1005 1367 1154 1418 Teque,
1183 1367 1228 1404 C.

122 1421 246 1467 Flavi,
265 1434 330 1460 oro
349 1429 386 1460 et
403 1423 580 1470 obtestor,
614 1422 698 1473 (qui
726 1433 901 1460 meorum
926 1421 1165 1460 consiliorum
1189 1421 1228 1457 111

122 1475 319 1513 consulatu
335 1475 469 1522 socius,
489 1475 744 1526 periculorum
766 1475 966 1526 particeps,
982 1487 1122 1521 rerum,
1137 1487 1231 1525 quas

123 1528 234 1578 gessi,
246 1528 396 1577 adjutor
409 1529 529 1577 fuisti,
542 1541 680 1579 meque
692 1541 767 1566 non
779 1528 893 1566 modo
909 1528 1057 1566 salvum
1070 1540 1230 1578 semper,

125 1581 190 1618 sed
219 1581 333 1619 etiam
363 1590 539 1620 ornatum
568 1582 854 1633 florentemque,
887 1594 966 1619 0550
990 1580 1157 1628 voluisti)
1190 1591 1232 1617 ut

126 1634 223 1671 mihi
236 1647 303 1686 per
312 1635 381 1672 hos
400 1648 592 1674 conserves
611 1648 713 1683 eum,
733 1648 800 1686 per
818 1647 933 1686 quem
952 1647 1015 1672 me
1032 1634 1101 1672 tibi
1120 1641 1157 1671 et
1175 1633 1233 1671 his

126 1695 387 1726 conservatum
406 1689 520 1726 vides.
551 1689 670 1726 Plura
688 1701 735 1726 ne
762 1689 901 1735 dicam,
933 1695 1009 1726 tuae
1033 1700 1096 1725 me
1119 1687 1232 1725 etiam

127 1739 304 1791 lacrymae
328 1741 555 1792 impediunt,
582 1749 802 1793 vestraeque,
822 1741 983 1791 judices,
1007 1753 1083 1778 non
1110 1741 1233 1778 solum

127 1806 246 1831 meae:
277 1794 418 1844 quibus
431 1808 515 1846 ego,
534 1808 674 1846 magno
690 1794 730 1832 in
748 1802 854 1833 metu
872 1807 972 1841 meo,
986 1794 1111 1832 subito
1121 1793 1234 1829 indu-

126 1859 190 1884 cor
208 1847 247 1884 in
270 1860 390 1898 spem,
411 1860 476 1886 vos
494 1848 672 1887 eosdem
662 1861 701 1886 111
716 1848 787 1886 hoc
801 1847 1053 1886 conservando
1072 1846 1232 1892 futuros,

127 1899 196 1950 qui
207 1899 379 1939 fueritis'
369 1913 409 1938 111
426 1913 511 1948 1110;
533 1902 728 1953 quoniam,
742 1901 822 1940 istis
836 1901 966 1939 vestris
984 1899 1174 1950 lacrymis,
1187 1898 1235 1936 de

129 1952 204 1992 illis
216 1953 399 2005 recordor,
409 1967 502 2006 quas
513 1968 582 2007 pro
592 1968 654 1994 me
665 1968 764 2008 saepe
776 1962 814 1994 et
824 1955 991 1993 multum
1004 1951 1234 2005 profudistis.
