1455 2343
225 90 303 128 250
459 88 573 128 PRO
602 87 870 128 PLANCIO.
899 88 1004 127 CAr.
1025 89 1090 126 33.

222 196 295 234 sim
314 201 443 247 gratus
460 195 589 235 videri.
628 195 702 235 Sed
727 209 796 247 ego
816 195 888 235 hoc
905 196 999 234 meis
1017 193 1246 247 ponderibus
1264 202 1331 232 ex·

223 249 414 298 aminabo,
438 262 514 288 non
533 250 657 288 solum
677 249 770 301 quid
789 250 924 301 cuique
942 249 1114 296 debeam,
1134 247 1199 286 sed
1215 247 1330 286 etiam

222 303 317 354 quid
334 304 518 355 cujusque
535 303 694 352 intersit,
722 310 760 341 et
785 303 878 355 quid
904 317 927 341 a
951 315 1014 341 me
1032 304 1217 355 cujusque
1233 308 1331 340 tem-

222 368 296 408 pus
314 364 453 408 poscat.

274 409 483 449 XXXIII.
503 411 648 462 Agitur
667 411 837 448 studium
849 416 975 456 tuum,
988 410 1048 448 vel
1066 409 1195 456 etiam,
1212 408 1243 446 si
1257 407 1328 456 vis,

220 463 461 512 existimatio,
481 465 578 512 laus,
595 464 776 510 aedih‘ta33
806 470 845 501 at
870 464 941 501 Cn.
963 463 1110 501 Plancii
1128 464 1243 510 salus,
1262 475 1331 513 pa-

219 517 305 564 tria,
324 517 497 556 fortunae.
527 518 685 557 Salvum
710 525 753 555 tu
774 529 838 554 me
863 530 940 555 esse
962 517 1126 567 cupisti:
1156 517 1218 554 hic
1244 515 1332 553 fecit

220 571 349 620 etiam,
379 577 423 608 ut
448 584 525 609 esse
546 584 705 622 possem.
743 570 938 608 Distineor
962 578 1090 607 tamen
1113 576 1150 608 et
1170 569 1330 607 diverr

218 623 372 670 dolore3
403 631 453 673 et,
469 625 508 662 in
532 624 644 662 causa
667 623 808 675 dispari
833 623 972 661 offendi
993 631 1030 661 te
1054 636 1077 661 a
1095 636 1172 670 me,
1191 622 1327 660 doleo:

216 678 282 716 sed
297 677 463 721 (medius
476 678 605 724 fidius)
617 678 740 715 multo
759 677 868 715 citius
886 689 1012 715 meam
1027 677 1188 714 salutem
1208 688 1277 728 pro
1291 683 1329 714 te

217 732 401 781 abjecero,
421 744 539 783 quam
559 731 630 769 Cn.
648 731 795 769 Plancii
806 731 967 769 salutem
978 729 1165 768 tradidero
1176 735 1330 767 conten-

219 785 314 822 tioni
332 792 420 822 tuae.
457 785 629 830 Etenim,
646 785 804 834 judices,
821 796 910 822 curn
931 784 1110 822 omnibus
1127 783 1330 821 virtutibus

216 851 280 876 me
297 838 477 876 affectum
495 851 573 877 esse
592 839 757 889 cupiam,
777 845 906 876 tamen
925 837 1021 875 nihil
1039 844 1108 885 est,
1125 836 1228 888 quod
1245 848 1329 874 ma-

217 892 302 940 lim,
316 905 435 943 quam
453 905 516 930 me
528 900 563 930 et
575 900 727 942 gratum
743 904 834 940 esse,
851 898 889 929 et
901 891 1031 930 videri.
1052 891 1149 929 Haec
1159 897 1216 929 est
1226 890 1329 928 enim

217 957 298 984 una
315 946 448 994 virtus,
468 958 545 984 non
564 946 688 984 solum
707 945 891 992 maxima,
907 945 972 983 sed
991 944 1105 983 etiam
1122 951 1244 982 mater
1254 943 1330 981 vir-

217 1006 349 1037 tutum
367 999 542 1038 omnium
560 999 805 1050 reliquarum.
835 998 944 1046 Quid
963 1006 1018 1037 est
1031 998 1164 1049 pietas,
1177 998 1250 1036 nisi
1263 1010 1329 1036 vo-

216 1052 345 1091 luntas
373 1060 480 1104 grata
503 1053 543 1090 in
568 1055 772 1104 parentes?
799 1053 868 1104 qui
896 1059 987 1091 sunt
1010 1052 1101 1090 boni
1119 1052 1240 1113 cives,
1260 1051 1329 1103 qui

216 1107 323 1156 belli,
344 1107 411 1158 qui
429 1107 533 1144 domi
551 1107 598 1144 de
615 1106 739 1158 patria
756 1107 852 1144 bene
868 1113 1068 1154 merentes,
1090 1105 1163 1144 nisi
1177 1105 1244 1157 qui
1261 1116 1329 1157 pa-

216 1160 300 1198 triae
327 1161 508 1199 beneficia
529 1161 817 1198 meminerunt?
845 1160 912 1211 qui
938 1159 1070 1206 sancti,
1095 1159 1162 1211 qui
1179 1158 1331 1209 religio-

217 1226 314 1252 num
345 1215 520 1261 colentes,
543 1214 617 1252 nisi
643 1214 710 1265 qui
734 1214 910 1251 meritam
938 1213 1025 1252 Diis
1049 1212 1328 1251 immortalibus

216 1267 394 1318 gratiam,
417 1267 530 1317 justis
551 1267 758 1305 honoribus
779 1274 817 1305 et
836 1267 997 1305 memori
1023 1272 1164 1314 mente,
1187 1265 1331 1317 persol-

215 1328 313 1359 vunt
326 1323 344 1359 ?
390 1321 492 1368 Quae
522 1327 646 1372 potest
677 1333 754 1359 esse
785 1320 1003 1369 jucunditas
1034 1320 1136 1368 vitae,
1169 1319 1328 1357 sublatis

215 1373 390 1412 amicitiis
406 1377 425 1413 :³
462 1387 549 1425 quae
572 1387 683 1425 porro
707 1373 874 1412 amicitia
895 1380 1018 1425 potest
1041 1386 1121 1412 esse
1145 1373 1243 1411 inter
1267 1373 1327 1411 in-

215 1435 342 1479 gratos
355 1428 374 1464 ἱ)

271 1480 372 1529 Quis
390 1489 445 1520 est
458 1483 629 1520 nostrum
647 1481 851 1519 liberaliter
861 1480 1055 1529 educatus,
1067 1480 1130 1520 cui
1147 1492 1223 1519 non
1236 1479 1330 1518 edu-

217 1541 374 1581 catores,
394 1535 456 1573 cui
473 1548 550 1574 non
568 1535 740 1586 magistri
757 1534 817 1573 sui
834 1541 948 1586 atque
965 1535 1147 1583 doctores,
1172 1534 1235 1572 cui
1251 1545 1329 1571 non

215 1588 320 1627 locus
339 1589 404 1627 ille
421 1596 553 1627 mutus
571 1589 666 1640 ipse,
693 1589 762 1627 ubi
779 1589 880 1626 altus
899 1595 966 1626 aut
992 1588 1125 1626 doctus
1149 1594 1218 1636 est,
1238 1599 1329 1626 cum

215 1642 326 1692 grata
353 1642 606 1681 recordatione
632 1643 672 1680 in
701 1650 829 1681 mente
854 1641 1051 1680 versetur?
1090 1642 1213 1691 Cujus
1237 1653 1328 1692 opes

215 1702 333 1734 tantae
351 1708 428 1734 esse
445 1703 617 1747 possunt,
637 1703 703 1734 aut
727 1708 901 1747 unquam
925 1696 1094 1741 fuerunt,
1121 1708 1222 1747 quae,
1247 1695 1329 1732 sine

215 1749 429 1787 multorum
443 1750 652 1788 amicorum
663 1749 806 1797 officiis,
820 1758 916 1787 stare
928 1750 1072 1800 possint
1080 1749 1098 1785 Ρ
1117 1762 1204 1800 quae
1216 1755 1327 1796 certe,

215 1802 366 1841 sublata
389 1803 572 1841 memoria
590 1810 628 1841 et
651 1803 787 1854 gratia,
810 1801 956 1855 [nulla]
985 1809 1130 1841 exstare
1155 1809 1325 1854 possunt.

206 1855 410 1907 *Equidem
429 1857 485 1894 nil
503 1864 582 1895 tam
599 1857 796 1908 proprium
814 1857 979 1895 hominis
991 1856 1180 1905 existimo,
1193 1868 1326 1907 quam,

215 1920 293 1947 non
310 1910 425 1949 modo
449 1910 644 1957 beneficio,
665 1910 730 1948 sed
752 1910 866 1948 etiam
887 1909 1158 1948 benevolentiae
1181 1909 1326 1960 signifi-

215 1963 374 2012 catione,
394 1963 565 2014 alligari3
595 1963 691 2001 nihil
715 1976 827 2015 porro
850 1971 930 2002 tam
954 1963 1224 2011 inhumanum,
1245 1969 1326 2000 tam

215 2015 398 2065 immane,
418 2025 499 2056 tam
516 2017 654 2065 ferum,
668 2030 786 2068 quam
805 2017 1052 2065 committere,
1065 2023 1110 2055 ut
1126 2015 1322 2066 beneficio,

212 2081 292 2108 non
306 2070 430 2109 dicam
448 2070 642 2122 indignus,
663 2070 727 2108 sed
745 2071 879 2119 victus,
899 2083 979 2109 esse
997 2070 1157 2109 videare.
1206 2106 1216 2116 ,

267 2123 369 2172 Quae
395 2137 483 2163 cum
511 2125 564 2163 ita
588 2125 678 2170 sint,
701 2125 783 2173 jam
809 2126 1071 2172 succumbam,
1092 2123 1322 2171 Laterensis,

209 2176 272 2214 isti
290 2185 367 2216 tuae
384 2178 569 2218 orationi:
598 2178 638 2216 in
657 2190 701 2216 eo
719 2178 814 2230 ipso,
834 2177 874 2216 in
894 2190 971 2229 quo
989 2177 1086 2216 nihil
1103 2183 1228 2228 potest
1244 2188 1322 2215 esse
