1425 2334
311 125 425 165 PRO
453 124 624 165 DOMO
653 125 774 165 SUA.
804 125 907 164 esp,
937 129 973 163 5.
1119 125 1189 164 131

94 244 210 285 quam
221 231 374 270 consilia
391 239 457 270 tua
475 239 704 283 tuorumque
720 234 738 270 Ρ
767 232 847 283 qui,
868 232 1046 270 facultate
1065 232 1193 270 oblata

95 285 144 324 ad
168 286 427 337 imperitorum
453 285 598 323 animos
623 286 843 333 incitandos,
864 294 1129 323 renovaturum
1156 294 1194 323 te

95 345 161 377 tua
178 339 244 376 ina
272 338 420 376 funesta
443 339 636 377 latrocinia
660 340 707 376 ob
727 351 885 376 annonae
913 351 1062 376 causam
1081 339 1193 389 puta-

94 400 196 430 runt.
244 392 497 430 Frumentum
526 392 726 443 provinciae
758 392 1014 429 frumentariae
1049 392 1189 442 partim

92 457 170 483 non
187 445 401 490 habebant3
431 446 570 496 partim
587 446 625 483 in
646 445 737 483 alias
756 453 883 491 terras,
899 445 1020 491 credo,
1040 452 1191 495 propter

93 498 311 537 varietatem
330 499 581 546 venditorum,
605 498 810 543 miserant3
840 498 992 549 partim,
1013 511 1089 549 quo
1107 511 1193 548 gra-

89 551 165 590 tius
184 559 277 590 esset
294 558 392 599 tum,
413 565 499 590 cum
518 553 557 589 in
575 553 658 603 ipsa
679 552 780 589 fame
806 552 1076 598 subvenissent,
1108 564 1192 588 cus-

90 605 202 643 todiis
234 605 310 643 suis
342 606 512 643 clausum
544 605 797 651 continebant,
824 612 867 642 ut
898 605 1020 642 subito
1049 616 1192 642 novum

91 658 294 696 mitterent.
330 659 408 697 Res
434 666 512 697 erat
536 671 612 696 non
641 659 681 695 in
706 658 880 709 opinione
905 658 1035 704 dubia,
1062 657 1126 695 sed
1152 658 1193 694 in

91 712 267 762 praesenti
295 719 409 763 atque
431 719 518 750 ante
542 712 668 750 oculos
690 711 879 762 proposito
907 711 1095 762 periculo:
1126 722 1192 747 ne-

91 778 167 816 que
184 765 224 802 id
252 765 464 814 conjectura
491 765 820 816 prospiciebamus,
848 763 911 802 sed
937 766 1018 813 jam
1049 763 1192 814 experti

89 818 323 856 videbamus.
352 819 471 866 Nam,
488 831 576 856 cum
590 819 859 868 ingravesceret
878 829 1039 863 annona,
1055 824 1099 854 ut
1109 818 1191 865 jam

89 872 202 922 plane
219 871 347 922 inopia.
370 884 413 910 ac
430 871 562 917 fames,
588 884 664 909 non
683 871 828 916 caritas,
856 871 1073 915 timeretur;
1103 881 1191 907 con-

90 937 221 963 cursus
249 932 304 962 εει
331 924 380 962 ad
405 926 591 975 templum
617 924 834 962 Concordiae
853 924 985 969 factus,
1017 930 1191 960 senatum

90 978 182 1016 illuc
209 985 363 1016 vocante
382 977 541 1016 Metello
560 978 721 1016 consule.
751 977 832 1024 Qui
850 977 881 1013 si
899 989 1007 1014 verus
1035 976 1122 1023 fuit,
1143 988 1191 1014 ex

90 1031 218 1070 dolore
247 1031 448 1070 hominum
478 1039 514 1068 et
549 1031 673 1076 fame3
703 1038 800 1069 certe
835 1031 1003 1068 consules
1040 1041 1191 1067 causam

91 1085 289 1136 suscipere,
317 1091 413 1122 certe
438 1091 587 1122 senatus
612 1084 756 1135 aliquid
781 1083 924 1121 consilii
949 1095 1092 1133 capere,
1123 1095 1192 1132 po-

89 1139 175 1176 tuit.
206 1137 273 1176 Sin
291 1150 403 1176 causa
420 1137 493 1174 fuit
515 1150 677 1184 annona,
699 1137 886 1174 seditionis
912 1136 1066 1186 quidem
1085 1135 1192 1172 insti-

88 1192 254 1229 mulator
280 1198 318 1229 et
345 1191 547 1229 concitator
573 1199 616 1228 tu
634 1190 764 1235 fuisti3
794 1201 918 1227 nonne
936 1189 975 1226 id
1000 1188 1190 1238 agendum

90 1245 198 1283 nobis
217 1243 393 1282 omnibus
417 1243 504 1292 fuit,
524 1250 568 1282 ut
584 1243 782 1281 materiem
808 1242 1112 1281 subtraheremus
1130 1241 1192 1279 fu-

88 1298 164 1336 rori
181 1304 248 1335 tuo
263 1299 281 1336 ἱ)

143 1350 263 1399 Quid,
294 1350 326 1388 si
354 1357 561 1401 utrumque
592 1349 680 1398 fuit,
708 1358 745 1388 et
768 1357 813 1388 ut
836 1349 955 1386 fames
982 1348 1192 1386 stimularet

88 1403 274 1452 homines,
295 1411 332 1442 et
349 1410 393 1441 tu
421 1403 461 1440 in
480 1404 551 1442 hoc
573 1403 710 1450 ulcere,
731 1411 927 1454 tamquam
952 1402 1104 1452 unguis,
1125 1414 1191 1439 ex-

89 1457 266 1496 sisterae?
293 1469 417 1494 nonne
446 1457 519 1494 fuit
538 1469 581 1495 eo
607 1457 730 1505 major
752 1455 964 1494 adhibenda
988 1455 1188 1501 medicina,

87 1524 175 1563 quae
189 1518 226 1549 et
243 1510 340 1548 illud
357 1509 543 1558 nativum,
560 1517 597 1548 et
613 1509 684 1547 hoc
698 1510 879 1557 delatum,
895 1509 1042 1546 malum
1061 1520 1193 1546 sanare

88 1566 245 1616 posset?
285 1563 381 1601 Erat
410 1563 526 1614 igitur
556 1570 592 1602 et
622 1576 784 1614 praesens
812 1563 959 1609 caritas,
994 1569 1030 1600 et
1061 1561 1192 1599 futura

88 1617 220 1656 fames.
249 1617 341 1655 Non
363 1624 418 1655 est
437 1617 546 1655 satis:
577 1617 675 1654 facta
692 1616 872 1667 lapidatio
894 1622 959 1654 est.
990 1615 1031 1653 Si
1057 1628 1104 1652 ex
1123 1615 1190 1652 do-

88 1672 167 1709 lore
184 1670 322 1722 plebei,
342 1671 448 1708 nullo
465 1670 668 1714 incitante3
693 1682 878 1720 magnum
889 1669 1035 1706 malum
1052 1682 1062 1705 :
1093 1668 1124 1706 si
1143 1668 1189 1705 P.

90 1724 215 1763 Clodii
232 1724 399 1774 impulsu
414 1737 426 1769 ς
455 1723 637 1762 usitatum
654 1723 818 1760 hominis
830 1722 1027 1760 facinorosi
1041 1721 1160 1759 scelus
1176 1735 1187 1758 ε

89 1778 121 1816 si
137 1784 357 1828 utrumque,
377 1784 421 1814 ut
438 1783 474 1815 et
492 1790 549 1815 res
569 1783 662 1814 esset
679 1789 735 1825 ea,
749 1790 834 1828 quae
854 1776 922 1814 su‘a
941 1782 1072 1826 sponte
1088 1774 1191 1811 mu]-

88 1830 261 1869 titudinis
291 1830 436 1868 animos
474 1829 658 1878 incitaret,
691 1837 728 1867 et
758 1829 879 1881 parati
907 1835 1020 1879 atque
1055 1827 1191 1866 armati

87 1883 278 1923 seditionis
306 1883 443 1929 duces3
471 1883 668 1922 videturne
691 1883 773 1934 ipsa
804 1882 1014 1934 respublica
1042 1888 1079 1919 et
1103 1892 1192 1918 con-

89 1938 181 1976 quis
199 1936 387 1975 auxilium
405 1937 635 1987 implorasse,
661 1943 698 1975 et
716 1938 865 1975 senatus
889 1935 1003 1973 fidem
1019 1937 1036 1972 Ρ
1065 1933 1190 1983 Atqui

88 1998 295 2041 utrumque
312 1989 426 2028 fuisse
442 1991 683 2042 perspicuum
708 1999 776 2036 est,
796 1989 1054 2027 difficultatem
1073 1998 1190 2024 anno-

91 2057 164 2091 nae,
185 2055 451 2094 summamque
479 2043 648 2095 inopiam
671 2043 724 2081 rei
751 2042 1022 2088 frumentariae,
1054 2046 1098 2077 ut
1121 2039 1190 2076 ho-

90 2098 210 2136 mines
228 2109 303 2134 non
321 2097 401 2145 jam
419 2096 639 2135 diuturnam
657 2096 862 2144 caritatem,
890 2095 953 2134 sed
971 2101 1015 2131 ut
1032 2093 1188 2136 famem,

87 2151 203 2201 plane
226 2150 428 2188 timerent:
468 2161 581 2188 nemo
611 2157 736 2200 negat.
766 2149 880 2187 Hanc
910 2148 1025 2185 istum
1055 2145 1120 2183 otii
1153 2152 1190 2182 et

96 2204 198 2256 pacis
216 2203 362 2242 hostem
382 2215 532 2242 causam
552 2211 789 2256 arrepturum
808 2202 924 2240 fuisse
941 2200 990 2238 ad
1008 2197 1192 2244 incendia,
