1455 2343
222 70 299 110 190
355 70 432 110 DE
463 69 706 111 HARUSP.
737 69 1004 111 RESPONS.
1034 70 1140 110 CAP.
1161 72 1199 110 4.

216 183 307 216 tum
318 177 463 227 fuisset,
471 178 520 217 ad
531 179 737 231 perniciem
748 179 920 218 civitatis.
952 179 1043 218 Non
1055 179 1225 217 multum
1237 171 1334 216 mihi

221 244 312 271 sane
329 239 416 285 post
434 233 484 271 ad
509 233 642 271 odium
668 233 845 272 accessit:
876 233 973 271 nihil
991 233 1094 271 enim
1121 240 1250 271 contra
1272 244 1336 270 me

218 284 310 324 fecit
327 286 415 325 odio
431 286 523 335 mei,
551 287 618 325 sed
642 287 729 326 odio
759 286 978 335 severitatis,
1010 286 1098 325 odio
1123 285 1334 337 dignitatis,

219 338 310 377 odio
327 340 557 391 reipublicae.
588 341 680 379 Non
699 353 762 378 me
774 341 898 391 magis
911 340 1078 388 violavit,
1094 353 1213 392 quam
1228 351 1336 378 sena-

221 399 323 441 tum,
343 406 462 446 quam
491 394 636 446 equites
663 395 874 441 Romanos,
906 407 1024 445 quam
1053 407 1185 432 omnes
1203 396 1336 439 bonos,

221 460 342 498 quam
362 447 517 486 Italiam
534 456 711 487 cunctam
727 462 736 485 :
766 460 845 486 non
865 447 1029 499 denique
1047 447 1086 485 in
1098 461 1161 486 me
1180 447 1338 485 scelera,

219 500 296 538 tior
306 500 396 549 fuit,
409 514 527 553 quam
538 502 579 540 in
588 502 691 553 ipsos
703 502 807 540 Deos
819 502 1062 540 immortales.
1083 501 1241 539 Etenim
1254 500 1339 538 illos

222 566 268 592 eo
279 555 415 593 scelere
427 555 596 604 violavit,
612 568 689 607 quo
703 567 816 593 nemo
827 562 938 593 antea
950 569 962 601 ς
992 555 1032 592 in
1046 567 1109 593 me
1120 555 1194 593 fuit
1206 555 1338 592 eodem

219 608 366 699 {nfiimm
387 621 466 660 quo
481 609 596 647 etiam
615 610 697 659 ejus
715 609 912 647 familiaris
930 608 1112 657 Catilina,
1131 609 1163 647 si
1177 608 1336 656 vicisset,

283 669 370 700 sset.

277 715 299 753 I
302 723 416 767 taque
434 728 527 754 eum
544 728 746 768 nunquam
765 729 788 754 a
813 727 877 754 me
895 727 975 754 esse
993 714 1250 754 accusandum
1267 727 1342 767 pu-

221 769 316 818 tavi,
336 782 414 808 non
433 771 535 820 plus,
555 782 674 821 quam
689 770 856 821 stipitem
868 769 994 816 illum,
1009 769 1079 820 qui
1093 780 1258 821 quorum
1270 769 1340 807 ho-

221 822 376 861 minum
394 830 503 871 esset,
523 824 767 872 nesciremus,
797 823 871 861 nisi
888 836 929 862 se
947 823 1133 874 Ligurem
1161 823 1243 874 ipse
1261 835 1340 861 esse

218 876 375 915 diceret.
406 877 516 924 Quid
533 877 636 916 enim
654 877 759 915 hunc
772 889 988 929 persequar,
1004 877 1190 928 pecudem
1203 889 1248 915 ac
1259 876 1340 914 bel-

221 930 346 978 luam,
364 931 509 983 pabulo
527 931 771 970 inimicorum
788 943 964 969 meorum
982 938 1020 969 et
1032 930 1172 981 glande
1183 943 1341 981 corrup-

221 990 309 1021 tum
322 987 354 1028 P,
371 984 454 1032 Qui
472 984 503 1023 si
522 985 653 1033 sensit,
674 998 752 1036 quo
771 998 850 1023 sese
869 985 1005 1023 scelere
1022 983 1247 1033 devinxerit,
1262 994 1340 1022 non

219 1037 372 1085 dubito,
388 1038 483 1090 quin
501 1039 551 1077 sit
568 1038 814 1077 miserrimus.
842 1038 914 1077 Sin
932 1045 1061 1076 autem
1080 1037 1121 1075 id
1131 1048 1208 1076 non
1223 1037 1339 1085 videt,

221 1091 438 1143 periculum
458 1099 528 1141 est,
559 1104 608 1130 ne
626 1105 666 1131 se
685 1092 849 1144 stuporis
878 1091 1119 1136 excusatione
1147 1091 1340 1130 defendat.

220 1144 386 1183 Accedit
411 1145 541 1194 etiam,
563 1146 680 1206 quod,
701 1146 978 1197 exspectatione
995 1145 1187 1193 omnium,
1214 1144 1340 1184 fortis-

220 1198 321 1237 simo
339 1206 378 1237 et
396 1200 604 1238 clarissimo
623 1200 717 1246 viro,
738 1200 790 1237 Τ.
816 1199 965 1248 Annio,
992 1198 1129 1237 devota
1147 1206 1185 1237 et
1202 1198 1341 1237 consti-

220 1258 307 1290 tuta
335 1252 407 1291 ista
437 1253 563 1291 hostia
580 1266 659 1291 esse
677 1253 852 1298 videtui-3
881 1253 945 1290 cui
968 1265 1032 1290 me
1055 1252 1257 1304 pra->ripere
1274 1251 1341 1290 de-

217 1318 401 1357 sponsam
430 1307 513 1356 jam
532 1313 570 1345 et
588 1307 814 1345 destinatam
835 1306 1004 1354 laudem,
1031 1318 1121 1344 cum
1150 1305 1232 1357 ipse
1257 1306 1340 1355 ejus

219 1359 339 1410 opera
357 1367 395 1398 et
412 1359 638 1412 dignitatem
650 1368 687 1399 et
701 1361 861 1398 salutem
875 1359 1145 1411 recuperarim,
1161 1359 1272 1398 valde
1284 1366 1343 1398 est

218 1412 414 1464 iniquum.

275 1467 352 1506 IV.
381 1467 555 1516 Etenim,
575 1474 620 1505 ut
640 1467 685 1505 P.
706 1467 771 1506 ille
790 1467 917 1519 Scipio
935 1473 1048 1505 natus
1070 1466 1168 1505 mihi
1192 1466 1344 1505 videtui·

220 1520 273 1559 ad
296 1520 497 1559 interitum
523 1521 762 1572 exitiumque
792 1521 1047 1572 Carthaginis,
1080 1521 1148 1572 qui
1176 1520 1298 1569 illam,
1319 1533 1344 1559 a

218 1574 354 1613 multis
365 1575 656 1626 imperatoribus
672 1577 876 1621 obsessam,
893 1581 1168 1626 oppugnatam,
1178 1575 1345 1612 labefac-

220 1635 356 1678 tatam,
384 1641 494 1679 paene
520 1636 670 1680 captam
698 1628 918 1679 aliquando,
939 1629 1048 1679 quasi
1065 1628 1173 1666 fatali
1189 1636 1344 1675 eventu,

219 1682 326 1720 solus
346 1683 504 1728 evertit3
535 1682 588 1720 sic
607 1682 657 1719 T.
684 1682 855 1728 Annius,
879 1682 927 1720 ad
946 1682 1054 1720 issam
1073 1688 1220 1732 pestem
1239 1694 1345 1720 oom-

218 1735 477 1787 primendam,
498 1735 831 1787 exstinguendam,
851 1735 1025 1774 funditus
1044 1735 1344 1784 delendamma-

219 1796 282 1827 tus
301 1802 382 1827 esse
402 1789 564 1838 videtur,
587 1797 624 1827 et
643 1789 753 1840 quasi
770 1789 899 1828 divino
918 1801 1079 1827 munere
1092 1788 1257 1827 donatus
1270 1788 1344 1827 rei-

217 1843 394 1894 publicae.
433 1843 547 1882 Solus
564 1843 630 1881 ille
647 1843 837 1893 cognovit,
866 1842 1194 1894 quemadmodum
1213 1855 1340 1881 arma-

217 1903 304 1935 tum
317 1897 453 1943 civem,
467 1897 536 1948 qui
549 1897 754 1948 lapidibus,
768 1897 836 1947 qui
843 1897 955 1944 ferro,
966 1897 1059 1935 alios
1070 1896 1235 1947 fugaret,
1249 1896 1343 1935 alios

217 1949 328 1988 domi
344 1950 568 1997 contineret,
590 1950 658 2001 qui
677 1950 825 1988 Urbem
847 1958 981 1998 totam,
1001 1950 1070 2001 qui
1088 1950 1249 1998 curiam,
1268 1950 1339 2001 qui

219 2003 364 2052 forum,
384 2004 453 2055 qui
470 2004 616 2055 templa
627 2004 770 2050 omnia,
784 2004 884 2042 caede
897 2003 1158 2055 incendiisque
1172 2010 1340 2051 terreret,

219 2067 299 2095 non
328 2058 444 2096 modo
466 2058 621 2105 vincire,
642 2070 774 2096 verum
803 2058 920 2095 etiam
947 2057 1109 2105 vincere,
1139 2063 1340 2108 oporteret.

221 2110 329 2149 Huic
355 2124 441 2162 ego,
471 2118 510 2149 et
537 2111 619 2157 tali,
646 2118 684 2148 et
701 2111 755 2149 ita
773 2110 820 2149 de
837 2124 902 2150 me
919 2122 962 2150 ac
981 2111 1028 2149 de
1053 2111 1178 2162 patria
1204 2109 1341 2148 merito

220 2163 316 2213 viro,
337 2176 538 2216 nunquam
557 2164 644 2204 mea
663 2165 859 2203 voluntate
889 2163 1106 2216 praeripiam
1128 2174 1218 2204 eum
1244 2174 1340 2215 prae-
