1435 2328
213 72 293 112 116
399 70 544 112 POST
572 71 849 112 REDITUM
879 71 939 111 11.
968 70 1075 112 CAP.
1105 74 1144 112 5.

211 178 375 218 inimicis
388 178 608 228 interfectis,
621 179 764 231 magna
774 180 915 219 civium
927 179 1027 218 caede
1044 179 1159 228 facta,
1179 178 1324 220 reducti

212 240 327 272 sunt:
358 246 426 284 ego
446 233 506 280 iis,
526 247 550 272 a
567 234 706 286 quibus
734 235 874 283 ejectus
901 246 1000 281 sum,
1028 233 1239 285 provincias
1256 237 1325 274 ob·

212 287 435 336 tinentibus,
455 287 608 325 inimico
632 295 759 325 autem
785 288 929 338 optimo
955 288 1035 325 viro
1054 294 1090 325 et
1107 287 1323 337 mitissimo,

214 342 332 379 altero
351 342 504 379 consule
528 341 723 389 referente,
754 342 931 379 reductus
955 353 1067 386 sum3
1099 354 1188 379 cum
1216 342 1248 380 is
1266 342 1326 380 in-

211 394 361 443 imicus,
382 395 450 446 qui
479 394 527 432 ad
551 408 678 432 meam
703 395 907 446 perniciem
938 407 1068 433 vocem
1088 407 1197 432 suam
1221 408 1325 434 com-

212 449 396 487 munibus
412 449 583 486 hostibus
602 449 836 500 praebuisset,
857 448 990 499 spiritu
1018 447 1206 487 duntaxat
1223 449 1326 488 vive-

214 509 285 549 ret,
306 516 345 540 re
364 502 520 553 quidem
533 502 635 540 infra
652 515 783 540 omnes
794 509 963 540 mortuos
974 502 1200 540 amandatus
1215 510 1324 542 esset.

269 556 320 594 V.
343 557 558 607 Nunquam
577 555 624 594 de
639 557 683 594 P.
700 555 864 607 Popillio
884 556 931 593 L.
953 555 1150 607 Opimius,
1169 555 1328 595 fortissi-

214 621 302 648 mus
322 610 467 655 consul,
494 621 694 660 nunquam
714 609 761 647 de
780 610 831 656 Q.
853 609 1014 647 Metello
1043 621 1119 647 non
1145 609 1259 648 modo
1279 610 1326 649 C.

214 662 381 711 Marius,
397 663 465 714 qui
479 670 557 700 erat
575 663 766 710 inimicus,
787 662 852 700 sed
870 675 918 700 ne
937 662 968 701 is
996 663 1166 714 quidem,
1183 663 1251 714 qui
1269 677 1327 702 se-

214 723 325 754 cutus
349 724 418 763 est,
436 717 497 754 M.
518 716 728 764 Antonius,
748 717 864 755 homo
883 716 1225 768 eloquentissimus,
1242 730 1331 755 curn

211 770 264 808 A.
284 770 431 808 Albino
457 769 601 821 collega
619 778 792 808 senatum
820 776 887 808 aut
914 770 1103 821 populum
1122 777 1178 808 est
1195 771 1328 809 cohor-

213 830 339 861 tatus:
370 830 422 870 at,
454 836 524 874 pro
553 837 629 871 me,
657 824 864 875 superiores
893 823 1063 862 consules
1095 836 1257 875 semper,
1284 831 1329 862 ut

212 877 407 925 referrent,
429 877 622 927 efflagitati
641 885 754 923 sunt;
785 877 850 915 sed
868 877 976 915 veriti
1003 883 1105 924 sunt,
1126 890 1174 915 ne
1198 878 1330 928 gratiae

213 931 328 969 causa
345 931 466 969 facere
484 931 714 979 viderentur,
736 931 839 982 quod.
856 932 950 968 alter
967 931 1064 968 mihi
1092 931 1214 969 affinis
1233 939 1326 978 erat,

212 984 366 1023 alterius
382 997 533 1022 causam
553 985 684 1036 capitis
695 997 931 1036 receperam:
954 984 1034 1036 qui,
1047 985 1328 1036 provinciarum

211 1038 348 1076 foedere
366 1038 513 1085 irretiti,
535 1045 659 1076 totum
677 1039 788 1076 illum
808 1051 954 1076 annum
973 1039 1144 1089 querelas
1163 1041 1326 1087 senatos,

211 1092 360 1130 luctum
378 1093 581 1140 bonorum,
603 1092 726 1130 Italiae
744 1092 945 1143 gemitum,
965 1093 1215 1143 pertulerunt.
1254 1093 1329 1130 Ca-

212 1145 333 1183 lendis
360 1158 447 1183 vero
476 1145 506 1183 J
508 1146 686 1193 anuariis,
720 1153 967 1197 posteaquam
997 1147 1089 1183 orba
1117 1146 1330 1196 respublica

213 1199 377 1237 consulis
391 1199 520 1241 fidem..
534 1206 733 1250 tamquam
751 1199 914 1249 legitimi
926 1199 1073 1245 tutoris,
1093 1199 1326 1250 imploravit,

215 1251 262 1289 P.
293 1253 483 1290 Lentulus
515 1253 661 1300 consul,
700 1265 850 1303 parens,
884 1252 991 1290 Deus
1017 1252 1148 1290 salutis
1173 1260 1327 1300 nostrae,

210 1305 310 1354 vitae,
331 1306 506 1354 fortunae,
522 1306 729 1351 memoriae,
750 1306 928 1353 nominis,
946 1306 1060 1344 simul
1072 1319 1115 1344 ac
1127 1306 1173 1343 de
1189 1306 1326 1344 sollen-

213 1359 254 1396 ni
284 1359 465 1410 religione
501 1360 643 1406 retulit,
676 1359 772 1396 nihil
807 1359 1066 1397 humanarum
1098 1372 1226 1398 rerum
1256 1360 1328 1398 sibi

215 1412 334 1463 prius,
356 1426 474 1464 quam
493 1413 539 1450 de
558 1426 634 1460 me,
655 1413 846 1463 agendum
862 1413 1059 1462 judicavit.

267 1467 401 1518 Atque
428 1480 471 1505 eo
500 1466 561 1504 die
594 1466 762 1504 confecta
781 1479 838 1504 res
861 1474 969 1515 esset,
997 1466 1070 1504 nisi
1094 1466 1126 1505 is
1151 1466 1328 1505 tribunus

209 1519 345 1571 plebis,
366 1533 483 1571 quem
502 1533 571 1571 ego
589 1520 768 1558 maximis
782 1520 972 1558 beneficiis
991 1528 1218 1571 quaestorem
1237 1533 1326 1558 eon-

214 1574 275 1611 sul
293 1586 528 1621 ornaveram,
557 1586 646 1612 cum
670 1581 707 1611 et
725 1581 882 1611 cunctus
907 1573 1012 1621 ordo,
1044 1582 1081 1612 et
1102 1574 1217 1611 multi
1240 1586 1329 1612 eum

212 1627 355 1665 summi
374 1628 444 1665 viri
456 1634 618 1675 orarent,
633 1635 670 1665 et
685 1628 756 1665 Cn.
771 1628 923 1678 Oppius
937 1640 1052 1674 socer,
1069 1627 1236 1679 optimus
1254 1627 1325 1675 vir,

213 1680 263 1718 ad
281 1680 397 1731 pedes
417 1682 498 1730 ejus
517 1681 610 1719 flens
634 1681 799 1729 jaceret3
829 1689 979 1719 noctem
1007 1681 1079 1719 sibi
1105 1681 1154 1719 ad
1185 1681 1328 1719 delibe-

215 1734 380 1772 randum
399 1735 649 1785 postulasset:
672 1748 759 1786 quae
778 1735 997 1773 deliberatio
1016 1747 1093 1772 non
1112 1735 1153 1772 in
1171 1734 1332 1772 redden-

213 1787 264 1825 ᾱέι
284 1788 627 1839 (quemadmodum
650 1789 826 1827 nonnulli
851 1789 1163 1836 arbitrabantur),
1183 1787 1263 1836 sed,
1283 1794 1327 1826 ut

213 1842 445 1892 patefactum
465 1849 533 1889 est,
560 1842 600 1878 in
619 1842 794 1893 augenda
818 1842 1004 1889 mercede,
1034 1848 1232 1880 consumta
1259 1848 1327 1879 est.

213 1895 351 1933 Postea
369 1908 426 1934 res
446 1903 528 1933 acta
543 1903 597 1933 est
609 1896 649 1933 in
662 1903 795 1934 senatu
808 1896 882 1934 alia
896 1896 1003 1933 nulla
1016 1909 1028 1942 3
1050 1902 1100 1944 et,
1115 1908 1203 1934 cum
1216 1894 1329 1932 variis

212 1948 421 1987 rationibus
451 1949 712 2001 impediretur,
744 1950 938 1987 voluntate
968 1956 1097 1987 tamen
1132 1948 1329 2000 perspecta

212 2005 377 2049 senatus,
394 2015 506 2041 causa
524 2003 573 2040 ad
591 2017 656 2042 vos
674 2016 804 2041 mense
822 2004 850 2041 J
854 2002 1010 2041 anuario
1024 2003 1272 2041 deferebatur.

264 2055 345 2094 Hic
372 2063 523 2094 tantum
553 2056 725 2095 interfuit
754 2057 852 2095 inter
870 2069 933 2095 me
951 2064 989 2094 et
1006 2056 1179 2094 inimicos
1207 2067 1325 2094 meos.

207 2107 310 2160 Ego,
338 2122 426 2148 cum
440 2110 614 2149 homines
636 2112 676 2149 in
704 2110 888 2149 tribunali
907 2110 1070 2148 Aurelio
1088 2109 1215 2161 palam
1237 2121 1329 2147 con-

203 2163 315 2202 scribi
332 2164 608 2216 centuriarique
627 2164 831 2210 vidissem;
861 2177 950 2203 cum
969 2163 1236 2215 intelligerem,
1251 2175 1318 2202 ve-
