1425 2334
257 126 334 169 DE
362 128 604 170 HARUSP.
634 125 900 170 RESPONS.
929 129 1034 169 CAP.
1055 130 1092 176 7.
1152 130 1226 170 193

122 235 242 284 vistis,
261 242 306 274 ut
323 235 370 274 de
386 249 558 275 mearum
577 235 715 274 aedium
734 236 913 287 religione
930 236 978 275 ad
996 238 1218 289 pontificum

121 289 321 341 collegium
339 289 546 328 referretur.
575 289 676 337 Quae
689 297 794 327 tanta
805 290 934 340 religio
946 298 1015 338 est,
1036 292 1113 342 qua
1128 304 1218 338 non,

121 342 162 381 in
180 342 316 381 nostris
334 343 645 388 dubitationibus,
658 350 772 394 atque
790 343 829 380 in
848 344 1025 382 maximis
1044 345 1217 395 supersti-

121 395 303 443 tionibus,
322 396 436 434 unius
451 397 497 434 P.
516 396 664 435 Servilii
683 409 725 434 ac
745 396 805 434 M.
822 396 979 434 Luculli
990 410 1166 448 responso
1178 411 1222 436 ac

121 450 234 487 verbo
251 449 454 488 liberemur
467 452 485 488 ἓ
524 449 587 488 De
605 450 715 488 sacris
733 449 908 500 publicis,
929 450 976 488 de
992 450 1093 489 ludis
1110 463 1220 488 max-

118 501 219 549 imis,
248 502 295 540 de
313 502 486 541 Deorum
513 503 710 554 penatium
729 503 932 554 Vestaeque
960 504 1090 541 matris
1119 505 1223 542 caeri-

117 555 268 604 moniis,
287 555 335 594 de
352 557 418 594 illo
436 557 517 607 ipso
535 556 726 602 sacrificio,
746 556 849 607 quod
867 557 910 594 fit
928 567 996 607 pro
1010 558 1130 595 salute
1149 570 1217 608 po-

114 608 198 660 puli
216 608 384 647 Romani
410 609 544 661 (quod,
574 616 659 660 post
681 611 846 648 Romam
865 610 1069 658 conditam,
1103 611 1221 660 hujus

113 662 228 700 unius
245 663 338 700 casti
355 663 488 701 tutoris
514 663 740 714 religionum
769 663 903 701 scelere
922 664 1103 702 violatum
1123 671 1211 712 est),

114 714 219 767 quod
231 722 306 754 ἴτω
316 715 508 767 pontifices
523 716 752 763 statuissent,
767 716 806 754 id
820 726 966 767 semper
979 717 1121 768 populo
1136 718 1217 755 Ro-

111 779 240 816 mano,
254 781 399 820 semper
410 769 570 816 senatui,
580 782 726 820 semper
738 769 829 820 ipsis
839 769 926 807 Diis
937 770 1215 809 immortalibus

111 821 200 859 satis
218 829 404 869 sanctum,
425 822 515 876 satis
533 830 752 874 augustum,
773 823 862 861 satis
884 823 1116 874 religiosum,
1133 836 1212 862 esse

113 874 238 913 visum
257 883 323 913 est.
352 875 411 914 At
421 888 507 914 vero
525 888 651 914 meam
669 875 827 914 domum
848 877 893 914 P.
908 877 1110 925 Lentulus,
1127 890 1215 915 con-

112 928 173 966 sul
191 935 228 966 et
245 928 430 979 pontifex,
461 930 506 967 P.
526 929 720 976 Servilius,
748 929 808 967 M.
829 928 1029 977 Lucullus,
1051 929 1101 977 Q.
1123 930 1214 968 Me-

112 980 238 1027 tenus,
259 981 320 1020 M’
337 982 508 1029 Glabrio,
524 982 585 1020 M.
603 982 784 1029 Messala,
799 983 845 1020 L.
859 983 1061 1029 Lentulus,
1074 983 1214 1021 flamen

112 1034 317 1081 Martialis,
333 1035 379 1072 P.
393 1035 532 1082 Galba,
548 1035 599 1083 Q.
614 1036 797 1074 Metellus
810 1035 949 1087 Scipio,
966 1037 1009 1074 C.
1024 1036 1210 1085 Fannius,

111 1086 173 1125 M.
187 1087 369 1138 Lepidus,
384 1088 430 1126 L.
445 1089 644 1136 Claudius,
657 1102 723 1127 rex
735 1101 937 1136 sacrorum,
954 1089 1014 1127 M.
1028 1091 1207 1136 Scaurus,

111 1139 173 1178 M.
189 1140 362 1188 Crassus,
383 1141 427 1180 C.
448 1142 578 1189 Curio,
599 1143 686 1180 Sex.
709 1142 847 1188 Caesar,
869 1142 1008 1180 flamen
1031 1143 1213 1190 Quirina-

110 1193 172 1240 lis,
186 1193 237 1242 Q.
248 1193 459 1243 Cornelius,
474 1195 520 1232 P.
533 1195 812 1241 Albinovanus,
826 1195 877 1242 Q.
887 1195 1102 1243 Terentius,
1116 1208 1212 1247 pon-

107 1246 224 1285 tifices
252 1247 429 1296 minores,
460 1248 573 1286 causa
601 1248 764 1299 cognita,
798 1248 946 1286 duobus
973 1249 1064 1287 locis
1092 1250 1207 1297 dicta,

106 1300 277 1338 maxima
293 1300 504 1353 frequentia
520 1301 840 1352 amplissimorum
859 1314 902 1339 ac
916 1301 1206 1353 sapientissimo-

107 1365 194 1391 rum
222 1353 362 1392 civium
389 1354 574 1404 adstante,
605 1355 711 1393 omni
737 1354 931 1405 religione,
962 1356 1041 1394 una
1068 1363 1211 1403 mente,

104 1418 236 1445 omnes
253 1408 516 1447 liberaverunt.

159 1459 258 1499 VII.
287 1461 413 1512 Nego,
444 1474 616 1513 unquam
645 1469 731 1513 post
755 1474 859 1500 sacra
876 1461 1090 1509 constituta,
1114 1476 1210 1514 quo-

105 1525 193 1551 rum
211 1513 342 1552 eadem
361 1523 416 1553 est
429 1515 647 1566 antiquitas,
667 1529 754 1566 quae
772 1515 891 1566 ipsius
910 1515 1040 1563 Urbis,
1061 1516 1142 1554 ulla
1160 1516 1210 1558 de

105 1578 158 1614 re,
174 1578 222 1605 ne
233 1567 280 1606 de
291 1567 412 1618 capite
423 1568 578 1619 quidem
596 1568 787 1619 virginum
800 1569 1027 1615 Vestalium,
1041 1575 1120 1607 tam
1133 1569 1208 1610 fre..

104 1632 224 1669 quens
241 1619 444 1672 collegium
461 1621 673 1671 judicasse:
705 1634 940 1674 quamquam
964 1622 1012 1659 ad
1030 1621 1208 1663 facinoris

103 1672 401 1723 disquisitionem
414 1674 567 1713 interest
584 1675 713 1713 adesse
726 1675 1042 1726 quamplurimos.
1072 1675 1134 1713 Ita
1148 1686 1204 1717 est

102 1725 204 1763 enim
222 1726 476 1778 interpretatio
492 1728 560 1766 illa
582 1727 819 1779 pontificum,
847 1736 892 1766 ut
908 1728 1023 1766 iidem
1041 1736 1206 1779 potesta.

102 1784 179 1816 tem
198 1777 361 1818 habeant
386 1780 573 1829 judicum.
613 1781 824 1831 Religionis
842 1781 1057 1832 explanatio
1075 1782 1135 1819 vel
1153 1786 1202 1822 ab

101 1842 179 1868 uno
196 1831 371 1882 pontifice
388 1834 509 1884 perito
526 1841 624 1873 recte
641 1834 722 1872 fieri
738 1841 887 1885 potest3
916 1834 1019 1886 quod
1032 1834 1147 1884 idem,
1161 1837 1201 1874 in

94 1883 240 1932 judicio
254 1885 398 1937 capitis,
414 1885 554 1925 durum
565 1894 679 1938 atque
696 1887 873 1938 iniquum
891 1895 957 1925 est„
986 1887 1137 1927 Tamen
1150 1890 1204 1927 sic

99 1937 300 1988 reperietis,
313 1938 580 1990 frequentiores
590 1939 784 1992 pontifices
795 1940 841 1978 de
848 1941 935 1978 mea
946 1940 1073 1988 domo,
1083 1953 1200 1991 quam

98 2001 269 2040 unquam
294 1991 342 2029 de
364 1992 586 2031 caerimoniis
603 1993 809 2043 virginum,
824 1993 1026 2043 judicasse.

151 2042 307 2082 Postero
325 2044 386 2082 die
402 2044 726 2096 frequentissimus
740 2053 904 2095 senatus,
917 2053 954 2084 te
969 2048 1121 2085 consule
1134 2047 1202 2085 de-

99 2095 260 2146 signato,
280 2097 459 2145 Lentule,
479 2099 673 2137 sententiae
696 2099 879 2150 principe,
911 2100 956 2137 P.
978 2099 1145 2138 Lentulo
1164 2108 1202 2138 et

98 2147 150 2196 Q.
169 2147 331 2188 Metello
349 2151 564 2191 consulibus
577 2151 836 2201 referentibus,
852 2152 983 2190 statuit
997 2154 1102 2196 (cum
1116 2165 1200 2192 orn-

147 2201 297 2251 (Orat.)
321 2213 423 2244 vo1..
446 2215 517 2245 111.
909 2217 928 2242 s
