1425 2334
213 95 328 138 PRO
354 97 581 138 ARCHIA
608 97 814 138 POETA.
844 98 949 139 CAP.
973 99 1034 138 10.
1127 100 1178 145 87

77 202 365 254 Cyzicenorum,
389 203 560 254 ejusdem
579 205 747 252 consilio,
766 217 815 243 ex
835 205 941 243 omni
958 205 1105 256 impetu
1123 219 1184 244 re-

78 257 155 307 gio,
182 270 225 296 ac
245 258 360 296 totius
377 258 468 296 belli
485 271 549 296 ore
566 271 609 297 ac
630 258 816 307 faucibus,
837 265 1004 309 ereptam
1024 272 1100 297 esse
1126 269 1184 297 at-

77 322 153 360 que
166 323 351 349 servatam
365 325 375 348 :
405 319 532 349 nostra
543 324 689 362 semper
700 312 839 349 feretur
853 318 890 348 et
903 312 1182 362 praedjcabitur,

76 361 126 400 L.
153 363 318 402 Lucullo
343 365 559 412 dimicante,
589 377 676 403 cum
704 365 908 402 interfectis
936 365 1094 402 ducibus
1118 365 1183 403 de-

73 428 203 466 pressa
219 417 386 455 hostium
405 418 545 466 classis,
561 426 599 456 et
615 418 842 456 incredibilis
861 418 964 468 apud
979 418 1180 455 Tenedum

75 481 205 519 pugna
222 470 289 508 illa
306 472 471 509 navalis:
496 479 624 509 nostra
642 479 729 509 sunt
748 480 900 522 tropaea,
914 478 1040 509 nostra
1058 472 1182 508 moni-

77 530 219 570 menta,
234 524 352 562 nostri
371 525 566 576 triumphi.
596 525 739 572 Quare,
756 537 919 575 quorum
930 524 1089 574 ingeniis
1103 524 1184 562 haec

79 574 267 625 feruntur,
287 579 335 615 ab
348 577 394 615 iis
407 579 540 629 populi
555 578 721 615 Romani
740 578 843 615 fama
857 579 1075 615 celebratur.
1106 578 1180 615 C-a-

76 640 142 666 rus
171 629 245 667 fuit
269 630 452 668 Africano
482 631 661 682 superiori
690 638 815 669 noster
836 631 987 668 Ennius
1002 645 1011 667 ι
1050 630 1180 681 itaque

76 681 191 719 etiam
209 683 249 720 in
267 684 437 734 sepulcro
451 685 671 735 Scipionum
689 692 845 735 putatur
858 684 889 721 is
908 696 985 721 esse
1004 684 1185 721 constitu-

79 740 141 772 tus
160 748 181 773 e
197 748 396 774 marmore.
424 739 482 775 At
500 739 545 775 iis
556 738 731 775 laudibus
743 745 838 775 certe
856 749 932 774 non
951 737 1075 774 solum
1093 737 1181 787 ipsi,

78 788 146 838 qui
164 789 381 837 laudantur,
406 791 470 828 sed
489 791 602 828 etiam
621 791 752 842 popuJi
775 790 942 827 Romani
966 802 1104 827 nomen
1124 803 1184 827 or-

79 849 203 879 natur.
233 843 283 880 In
302 843 437 881 coelum
451 844 567 893 hujus
585 857 747 895 proavus
766 843 861 881 Cato
879 842 1045 880 tollitur:
1074 855 1184 893 mag-

80 905 153 931 nus
174 895 293 934 honos
311 897 443 947 populi
463 898 629 934 Romani
647 898 758 934 rebus
777 896 1006 946 adjungitur.
1037 895 1186 933 Omnes

80 946 243 999 denique
256 949 313 987 illi
332 950 513 997 Maximi,
528 950 717 996 Marcelli,
731 950 873 996 Fulvii,
889 961 964 986 non
984 949 1065 986 sine
1082 961 1186 986 com-

79 1002 190 1038 muni
207 1003 380 1040 omnium
393 1007 562 1041 nostrum
581 1004 693 1041 laude
711 1003 943 1040 decorantur.

133 1054 187 1092 X.
217 1055 322 1106 Ergo
345 1056 471 1104 inum,
495 1057 562 1107 qui
589 1057 670 1094 haec
691 1057 841 1104 fecerat,
869 1055 1042 1093 Rudium
1060 1054 1186 1092 homi-

79 1118 183 1155 nem,
197 1110 357 1158 majores
367 1110 484 1147 nostri
494 1110 533 1146 in
544 1110 733 1148 civitatem
747 1115 965 1160 receperunt
978 1122 989 1153 3
1003 1120 1071 1145 nos
1082 1108 1186 1146 hunc

81 1159 388 1210 Heracleensem,
412 1163 544 1200 multis
572 1162 784 1201 civitatibus
810 1161 1034 1212 expetitum,
1053 1161 1093 1197 in
1115 1161 1187 1199 hac

80 1220 209 1252 autem
227 1215 375 1266 legibus
400 1216 660 1264 constitutum,
684 1216 730 1253 de
748 1217 875 1254 nostra
897 1214 1044 1252 civitate
1064 1213 1187 1263 ejicie-

82 1277 170 1305 mus
185 1269 202 1305 ἶ)

136 1320 256 1368 Nam,
283 1321 314 1359 si
341 1322 426 1373 quis
450 1322 636 1360 minorem
659 1321 789 1373 gloriae
811 1320 980 1359 fructum
1004 1326 1116 1371 putat
1140 1331 1189 1358 ex

83 1371 224 1412 Graecis
243 1375 410 1414 versibus
428 1376 582 1427 Percipi,
603 1389 720 1427 quam
739 1389 787 1414 ex
806 1374 967 1422 Latinis,
987 1373 1189 1411 vehemen-

81 1431 138 1463 ter
156 1435 278 1473 errat3
307 1436 503 1479 propterea
524 1430 628 1480 quod
647 1429 780 1467 Graeca
801 1429 981 1479 leguntur
1002 1426 1043 1463 in
1066 1426 1190 1463 omni-

80 1479 153 1516 bus
171 1479 248 1518 fere
265 1482 455 1531 gentibus,
483 1482 625 1520 Latina
647 1482 723 1520 suis
741 1482 895 1529 finibus,
920 1479 1065 1530 exiguis
1084 1492 1186 1526 sane,

82 1532 331 1572 continentur.
362 1535 506 1584 Quare,
527 1536 559 1573 si
580 1549 639 1573 res
657 1536 730 1583 hae,
751 1548 846 1586 quas
865 1533 1062 1585 gessimus,
1088 1532 1189 1570 orbis

83 1591 191 1624 terrae
215 1587 430 1638 regionibus
448 1589 703 1634 definiuntur;
734 1600 870 1639 cupere
895 1587 1091 1634 debemus,
1112 1598 1191 1636 quo

80 1649 269 1677 manuum
286 1649 499 1680 nostrarum
518 1643 592 1680 tela
608 1642 858 1692 pervenerint,
879 1639 1010 1678 eodem
1028 1639 1188 1689 gloriam

83 1690 303 1744 famamque
326 1703 546 1746 penetrare3
585 1695 688 1746 quod
711 1707 799 1733 cum
823 1693 916 1745 ipsis
945 1692 1112 1744 populis,
1140 1691 1189 1729 de

85 1757 249 1794 quorum
274 1749 386 1786 rebus
407 1748 596 1797 scribitur,
621 1748 702 1786 haec
727 1748 856 1799 ampla
880 1754 994 1791 sunt;
1033 1753 1118 1783 tum
1143 1744 1190 1782 iis

84 1805 196 1845 certe,
215 1799 283 1850 qui
295 1800 343 1838 de
360 1800 449 1850 vita,
469 1802 598 1852 gloriae
616 1801 742 1850 causa,
762 1801 957 1847 dimicant,
977 1799 1048 1836 hoc
1066 1798 1191 1835 maxi-

84 1861 194 1888 mum
209 1859 246 1889 et
257 1853 510 1903 periculorum
527 1855 815 1893 incitamentum
833 1862 902 1900 est,
922 1860 959 1891 et
975 1851 1163 1890 laborum.

139 1903 271 1950 Quam
289 1907 428 1945 multos
440 1908 633 1959 scriptores
644 1921 771 1946 rerum
785 1919 940 1946 suarum
954 1917 1117 1955 magnus
1128 1904 1194 1942 ine

85 1955 306 1996 Alexander
320 1972 446 1998 secum
463 1961 638 1999 habuisse
656 1962 792 1999 dicitur
807 1961 816 1998 l
846 1961 980 2010 Atque
998 1959 1030 1995 is
1048 1965 1190 2003 tamen,

85 2021 174 2047 cum
201 2010 242 2048 in
261 2012 373 2063 Sigeo
396 2013 446 2051 ad
462 2014 626 2052 Achillis
648 2015 845 2052 tumulum
863 2011 1077 2057 adstitisset,
1105 2013 1133 2032 “
1153 2009 1191 2048 Ο

86 2061 317 2113 fortunate,”
331 2065 470 2117 inquit,
492 2068 519 2090 “
533 2068 761 2116 adolescens,
775 2067 843 2118 qui
856 2073 932 2104 tuae
943 2064 1092 2103 virtutis
1108 2063 1193 2121 Hf'?

89 2125 239 2154 merum
263 2131 475 2169 praeconem
499 2119 687 2159 inveneris
702 2121 742 2158 !''
780 2120 834 2158 Et
853 2131 963 2158 vere:
994 2128 1099 2162 nam,
1118 2127 1193 2175 rusi

87 2166 180 2209 Ilias
196 2168 264 2210 illa
280 2171 509 2220 exstitisset3
537 2172 640 2213 idem
660 2173 850 2222 tumulus,
866 2171 935 2224 qui
953 2181 1088 2220 corpus
1107 2180 1189 2218 ejus
