1425 2334
368 100 483 140 PRO
504 100 742 140 FLACCO.
772 101 877 140 CM».
898 101 963 139 23.
1175 103 1227 141 23

131 221 270 256 severe,
288 220 366 247 non
383 208 499 247 modo
517 209 700 258 legatum,
721 208 785 246 sed
803 208 1049 246 Trallianum
1068 210 1238 257 omnino,

130 263 205 303 dici
219 261 504 302 Maeandrium?
535 262 639 300 Huic
650 262 706 299 illi
720 263 858 313 legato,
871 262 961 300 huic
974 263 1126 312 publico
1139 264 1237 312 testi,

128 325 333 370 patronum
352 328 465 353 suum
487 316 569 364 jam
588 315 676 353 inde
704 329 727 353 a
753 323 859 366 patre
881 323 995 366 atque
1013 317 1237 365 majoribus,

132 371 184 409 L.
209 369 406 417 Flaccum,
430 368 676 406 mactandum
705 369 862 407 civitatis
884 369 1097 407 testimonio
1123 370 1238 408 tradi-

129 423 271 462 dissent
287 425 304 461 ?

181 477 274 515 Non
293 483 348 514 est
365 476 432 522 ita,
448 475 607 525 judices,
623 487 698 514 non
714 483 769 514 est
787 475 963 527 profecto.
994 476 1086 515 Vidi
1099 490 1181 527 ego,
1197 477 1237 515 in

128 530 296 582 quodam
322 529 465 579 ju'dicio
491 542 624 580 nuper,
653 529 902 567 Philodorum
922 537 1053 567 testem
1073 530 1237 568 Trallia-

125 596 236 631 num,
256 583 334 620 vidi
354 583 613 628 Parrhasium,
635 583 711 620 vidi
730 583 1023 629 Archidemum,
1045 596 1132 621 cum
1152 585 1237 635 qui-

125 637 214 676 dem
239 636 342 674 idem
363 636 426 674 hic
451 636 547 673 mihi
573 635 823 683 Maeandrius,
855 637 963 687 quasi
989 637 1234 687 ministrator,

123 691 266 736 aderat,
290 690 505 739 subjiciens,
526 690 619 740 quid
645 690 685 726 in
705 703 790 727 suos
815 690 926 735 cives,
954 690 1233 741 civitatemque,

123 744 155 782 si
177 744 328 791 vellem,
359 743 545 781 dicerem:
576 743 672 780 nihil
702 743 804 780 enim
830 744 896 780 illo
920 743 1074 781 homine
1099 745 1233 793 levius,

123 797 221 835 nihil
239 796 424 847 egentius,
444 797 540 834 nihil
559 796 805 847 inquinatius.
846 797 976 843 Quare
995 797 1026 834 si
1045 797 1147 835 hunc
1165 798 1233 836 ha-

123 852 217 889 bent
235 857 426 888 auctorem
444 850 632 887 Tralliani
646 849 782 887 doloris
795 850 867 896 sui,
885 850 915 887 si
927 850 1027 888 hunc
1039 851 1233 889 custodem

125 904 336 950 literarum,
357 903 388 940 si
406 903 508 941 hunc
526 910 659 940 testem
680 903 842 951 injuriae,
864 904 895 940 si
914 903 1015 941 hunc
1041 912 1232 942 auctorem

127 957 391 1008 querelarum;
421 956 614 995 remittant
628 956 802 1007 spiritus3
825 957 1075 1007 comprimant
1086 958 1232 996 animos

126 1023 237 1056 suos;
267 1009 398 1048 sedent
419 1010 697 1060 arrogantiam3
724 1009 926 1057 fateantur,
960 1010 1000 1047 in
1026 1010 1233 1049 Maeandrii

125 1062 283 1115 persona
311 1076 389 1101 ωδε
414 1076 630 1114 expressam
654 1063 788 1101 faciem
815 1063 985 1101 civitatis.
1028 1064 1094 1102 Sin
1114 1064 1231 1103 istum

125 1129 273 1168 semper
286 1116 343 1154 illi
361 1116 433 1168 ipsi
451 1116 555 1154 domi
573 1116 839 1167 proterendum
859 1129 936 1154 esse
955 1124 991 1154 et
1009 1118 1231 1155 conculcan-

124 1170 220 1208 dum
237 1177 492 1222 putaverunt;
522 1170 693 1208 desinant
712 1177 858 1220 putare,
879 1170 1138 1208 auctoritatem
1152 1183 1231 1209 esse

122 1224 164 1262 in
183 1236 226 1261 eo
243 1223 472 1270 testimonio,
492 1224 600 1272 eujus
619 1230 747 1261 auctor
760 1223 934 1261 inventus
953 1232 1008 1262 est
1025 1237 1148 1262 nemo.

176 1277 346 1315 XXIII.
375 1277 451 1316 Sed
469 1289 672 1328 exponam,
693 1276 787 1328 quid
804 1277 844 1314 in
863 1290 902 1315 re
921 1277 981 1325 sit,
1006 1284 1063 1323 ut,
1093 1290 1230 1328 quam-

122 1328 253 1369 obrem
271 1330 342 1368 ista
360 1330 490 1368 civitas
507 1343 631 1381 neque
649 1343 772 1368 severe
786 1331 965 1369 Flaccum
984 1332 1228 1382 oppugnarit,

122 1396 247 1435 neque
259 1383 423 1435 benigne
440 1383 660 1431 defenderit,
681 1384 771 1422 scire
788 1384 948 1435 possitis.
979 1384 1074 1422 Erat
1088 1385 1122 1423 ei
1137 1385 1230 1423 Cas-

121 1437 279 1476 triciano
292 1438 446 1475 nomine
463 1438 560 1475 irata
574 1451 586 1483 3
617 1437 664 1476 de
678 1450 754 1489 quo
767 1445 845 1475 toto
859 1438 1048 1489 respondit
1064 1439 1232 1476 Horten-

120 1491 223 1530 sius:
253 1491 374 1529 invita
390 1492 550 1530 solverat
568 1491 749 1529 Castricio
766 1492 979 1543 pecuniam,
996 1492 1145 1541 jamdiu
1164 1493 1231 1531 de-

120 1544 254 1583 bitam.
284 1544 391 1584 Hinc
408 1551 531 1583 totum
546 1545 691 1593 odium,
704 1545 792 1583 hinc
806 1545 927 1583 omnis
942 1545 1107 1584 offensio.
1138 1546 1230 1594 Quo

121 1610 212 1637 cum
228 1598 389 1637 venisset
407 1598 551 1637 Laelius
569 1599 617 1637 ad
634 1599 762 1648 iratos,
783 1607 819 1637 et
836 1599 932 1637 illud
951 1599 1227 1639 Castricianum

120 1651 262 1690 vulnus
290 1651 447 1690 dicendo
475 1652 724 1698 refricuisset3
764 1653 996 1691 exsiluerunt
1025 1653 1226 1704 principes,

121 1715 246 1757 neque
263 1705 305 1743 in
322 1705 391 1743 ina
408 1706 584 1744 concione
603 1706 805 1754 affuerunt,
821 1719 942 1758 neque
959 1707 1076 1758 ipsius
1090 1707 1228 1745 decreti

121 1770 165 1796 ac
182 1758 388 1797 testimonii
405 1766 573 1798 auctores
592 1772 669 1798 esse
684 1760 892 1798 voluerunt.
924 1761 1055 1811 Usque
1074 1773 1116 1798 eo
1135 1762 1228 1798 orba

120 1810 197 1849 fuit
214 1813 262 1850 ab
275 1813 520 1863 optimatibus
537 1813 604 1850 ina
616 1813 756 1862 concio,
773 1821 816 1851 ut
827 1813 997 1864 princeps
1009 1813 1225 1864 principum

120 1871 217 1902 esset
242 1865 504 1912 Maeandrius;
534 1868 643 1915 cujus
661 1867 808 1918 lingua,
836 1867 943 1918 quasi
962 1867 1110 1904 flabello
1129 1867 1225 1905 sedi-.

120 1916 246 1966 tionis,
266 1918 332 1956 illa
345 1926 429 1957 tum
449 1927 505 1958 est
522 1921 714 1971 egentium
733 1920 859 1958 concio
874 1921 1062 1958 ventilata.

174 1970 312 2022 Itaque
325 1972 484 2011 civitatis
497 1974 687 2024 pudentis,
705 1981 747 2011 ut
758 1987 827 2024 ego
838 1987 984 2025 semper
996 1973 1221 2021 existimavi,

120 2029 158 2060 et
174 2025 313 2074 gravis,
333 2032 378 2063 ut
394 2026 467 2078 ipsi
491 2026 698 2065 existimari
716 2028 861 2073 volunt,
885 2028 1032 2076 justum
1055 2027 1222 2064 dolorem

120 2077 366 2130 querelasque
384 2080 604 2130 cognoscite.
635 2080 735 2127 Quae
752 2080 913 2131 pecunia
925 2081 1038 2118 fuerit
1052 2079 1153 2129 apud
1168 2092 1220 2126 se,

121 2128 248 2168 Flacci
265 2132 381 2182 patris
399 2133 566 2180 nomine,
586 2134 722 2172 collata
740 2146 762 2171 a
780 2134 1005 2179 civitatibus,
1025 2133 1122 2169 hanc
1141 2145 1162 2168 a
1184 2144 1222 2169 se

120 2194 200 2221 esse
217 2185 383 2224 ablatam
402 2193 623 2238 queruntur.
661 2187 754 2225 Alio
767 2187 849 2225 loco
863 2199 1045 2237 quaeram,
1066 2184 1157 2235 quid
1175 2184 1222 2221 li-
