1455 2343
242 105 322 141 ‘286
500 106 614 144 PRO
644 105 868 145 SEXTIO.
898 107 1003 146 CAP.
1034 107 1099 151 27.

293 211 453 251 XXVI.
485 213 603 252 Mitto
623 227 708 253 eam
740 215 879 265 legem,
900 227 986 266 quae
1008 213 1137 252 omnia
1163 214 1252 263 jura
1269 213 1358 253 reli-

239 266 414 316 gionum,
436 267 707 319 auspiciorum,
734 275 982 319 potestatum,
1003 280 1134 306 omnes
1151 268 1253 319 leges
1271 272 1360 320 qua}

239 326 328 357 sunt
347 319 396 358 de
410 321 496 370 jure
515 328 551 359 et
569 321 616 360 de
634 329 804 373 tempore
821 322 951 373 legum
983 321 1253 373 rogandarum,
1277 322 1358 360 un'a.

239 373 434 424 rogatione
453 374 614 414 delevit:
645 376 756 414 mitto
770 388 925 414 omnem
944 375 1189 414 domesticam
1203 375 1352 413 labem:

239 426 355 465 etiam
368 435 514 467 exteras
528 430 698 468 nationes
711 429 814 467 illius
832 429 923 467 anni
940 429 1068 467 furore
1086 436 1355 480 conquassatas

238 480 474 520 videbamus.
518 484 623 534 Lege
641 483 857 530 tribunicia,
880 483 1021 521 Matris
1047 483 1205 534 Magnae
1231 483 1357 521 Pessi-

239 535 397 573 nuntius
416 536 480 574 ille
499 537 668 575 sacerdos
687 538 870 588 expulsus
889 544 926 575 et
943 536 1126 587 spoliatus
1150 536 1357 575 sacerdotio

238 595 308 634 est,
320 588 530 641 fanumque
545 591 866 629 sanctissimarum
879 597 994 641 atque
1002 589 1353 641 antiquissimarum

237 642 466 693 religionum
481 644 692 693 venditum,
709 644 871 696 pecunia
882 643 1032 693 grandi,
1049 643 1265 695 Brogitaro,
1280 644 1355 681 im-

238 709 336 746 puro
364 696 526 746 homini,
558 705 673 749 atque
700 698 859 749 indigno
879 696 947 735 illa
965 697 1172 748 relig-ione3
1201 710 1357 749 praeser-

238 749 309 787 tim
329 763 418 788 cum
445 764 489 789 ea
508 751 579 790 sibi
598 752 663 790 ille
681 764 758 790 non
777 751 937 798 colendi,
959 750 1024 789 sed
1041 751 1222 799 violandi,
1242 751 1355 789 caus-21

237 805 463 854 appetisset:
495 806 677 857 appellati
693 819 798 857 reges
810 819 833 844 a
850 804 1007 857 populo,
1021 804 1088 857 qui
1101 805 1141 842 id
1153 817 1356 856 nunquam

238 868 286 894 ne
319 871 341 895 a
371 866 504 897 senatu
537 859 694 911 quidem
723 859 1002 911 postulassent:
1032 858 1178 897 reducti
1207 859 1356 898 exsules

237 910 475 962 Byzantium
493 914 747 960 condemnati,
768 921 866 962 tum,
888 925 976 951 cum
994 912 1205 951 indemnati
1223 912 1320 952 cives
1335 926 1356 952 e

237 964 388 1003 civitate
408 966 665 1016 ejiciebantur.
706 968 795 1006 Rex
815 967 1061 1013 Ptolemaeus,
1089 966 1171 1018 qui,
1199 966 1230 1004 si
1259 978 1356 1004 non-

238 1018 333 1056 dum
354 1027 434 1058 erat
451 1021 533 1072 ipse
552 1034 575 1059 a
593 1028 727 1060 senatu
747 1021 868 1060 socius
887 1021 1114 1072 appellatus,
1136 1027 1215 1059 erat
1227 1028 1355 1058 tamen

237 1071 353 1111 frater
372 1074 454 1123 ejus
472 1075 584 1126 regis,
606 1075 688 1127 qui,
705 1088 794 1114 cum
814 1082 909 1113 esset
926 1075 966 1113 in
986 1074 1120 1112 eadem
1132 1074 1258 1122 causa,
1271 1075 1354 1124 jam

238 1133 318 1164 erat
336 1141 359 1165 a
377 1135 511 1166 senatu
525 1129 708 1167 honorem
722 1129 840 1167 istum
853 1135 1073 1168 consecutus
1087 1143 1097 1166 ε
1129 1135 1209 1166 erat
1222 1127 1355 1166 eodem

237 1192 388 1230 genere,
408 1181 622 1235 iisdemque
639 1183 862 1233 majoribus,
884 1182 1018 1221 eadem
1036 1189 1220 1220 vetustate
1239 1182 1355 1220 socie-

238 1234 350 1272 tatis:
381 1235 545 1287 denique
577 1244 657 1275 erat
685 1250 767 1285 rex,
791 1237 823 1275 si
847 1237 1020 1275 nondum
1046 1236 1182 1283 socius,
1212 1242 1252 1274 at
1275 1247 1352 1273 non

238 1287 382 1334 hostis;
411 1297 582 1340 pacatus,
601 1290 767 1342 quietus,
791 1291 911 1328 fretus
940 1290 1101 1341 imperio
1119 1289 1253 1341 populi
1272 1289 1354 1327 Ro-

236 1342 356 1390 mani,
377 1355 493 1393 regno
511 1351 668 1394 paterno
686 1351 801 1395 atque
819 1344 933 1390 avito,
953 1343 1072 1393 regali
1090 1343 1166 1380 otio
1184 1342 1353 1394 perfme-

237 1395 362 1433 batur.
392 1395 455 1434 De
473 1396 558 1445 hoc,
578 1397 676 1435 nihil
695 1397 895 1448 cogitante,
916 1397 1013 1434 nihil
1031 1396 1260 1447 suspicante,
1281 1397 1353 1434 eis-

237 1447 325 1486 dem
344 1449 466 1500 operis
495 1451 722 1502 suffragium
749 1451 970 1496 ferentibus,
999 1457 1054 1488 est
1072 1457 1263 1500 rogatum,
1292 1458 1351 1497 ut,

237 1502 370 1540 sedens
388 1516 477 1541 cum
495 1504 667 1555 purpura
686 1511 722 1542 et
742 1511 887 1555 sceptro
906 1511 943 1542 et
960 1504 1035 1542 illis
1060 1503 1272 1554 insignibus
1294 1517 1353 1542 re*-

235 1555 322 1606 giis,
342 1558 507 1607 praeconi
524 1558 678 1609 publico
694 1558 964 1607 subjiceretur:
996 1565 1046 1605 et,
1059 1557 1270 1608 imperante
1283 1571 1353 1609 po·-

236 1610 329 1660 pulo
348 1611 540 1659 Romano,
573 1612 641 1663 qui
670 1611 785 1649 etiam
803 1612 904 1650 bello
923 1610 1029 1649 victis
1053 1611 1206 1662 regibus
1235 1623 1354 1662 regna

235 1663 391 1702 reddere
409 1665 616 1713 consuevit,
637 1678 704 1703 rex
719 1665 877 1714 amicus,
898 1665 1008 1703 nulla
1024 1664 1167 1714 injuria
1185 1677 1352 1703 comme-

235 1717 397 1766 morata,
428 1718 545 1757 nullis
564 1719 730 1770 repetitis
749 1721 874 1767 rebus,
907 1732 996 1757 cum
1021 1718 1135 1757 bonis
1158 1719 1350 1766 omnibus,

235 1770 506 1822 publicaretur.

288 1824 475 1863 XXVII.
505 1825 638 1863 Multa
655 1829 801 1874 acerba,
828 1827 952 1864 multa
971 1826 1111 1877 turpia,
1126 1825 1252 1864 multa
1268 1832 1349 1864 tur-

234 1878 405 1927 bulenta,
435 1879 570 1917 habuit
587 1879 651 1918 ine
670 1893 812 1919 annus:
841 1887 970 1919 tamen
999 1880 1058 1917 illi
1082 1879 1224 1927 sceleri,
1245 1878 1349 1931 quod

234 1931 276 1969 in
293 1944 357 1971 me
375 1932 529 1970 illorum
548 1933 766 1973 immanitas
794 1933 924 1982 edidit,
944 1933 1050 1972 haud
1079 1932 1156 1971 scio
1180 1946 1229 1971 an
1249 1939 1349 1971 recte

233 1984 306 2024 hoc
324 1986 545 2038 proximum
564 1999 642 2025 esse
659 1988 796 2026 dicam.
838 1988 1078 2026 Antiochum
1095 1987 1208 2024 illum
1228 1986 1347 2037 Mag-

231 2050 328 2077 num
357 2041 518 2090 majores
543 2041 674 2090 nostri,
703 2041 846 2093 magna
869 2042 961 2081 belli
985 2040 1224 2079 contentione
1246 2041 1346 2078 terra

232 2093 406 2144 marique
424 2102 658 2145 superatum,
687 2095 787 2133 intra
804 2102 975 2134 montem
993 2094 1171 2133 Taurum
1189 2103 1347 2144 regnare

227 2146 445 2194 jusserunt:
475 2147 628 2196 Asiam,
649 2149 728 2200 qua
749 2149 861 2188 illum
879 2148 1109 2196 multarunt,
1129 2147 1279 2195 Attalo,
1299 2153 1344 2184 ut

229 2199 262 2238 is
280 2209 451 2251 regnaret.
470 2201 510 2239 in
529 2202 587 2250 ea,
601 2202 920 2242 condonaverunt.
951 2202 1052 2242 Cum
1065 2200 1343 2242 Armeniorum
