1425 2334
311 110 423 151 PRO
452 110 622 151 DOMO
651 111 772 150 SUA.
803 111 908 150 CAP.
939 113 1001 149 52.
1133 111 1206 154 177

112 215 292 255 dedicare.
322 218 507 256 Praeclara
518 219 706 266 voluntas,
720 226 832 269 atque
843 218 948 256 omni
958 217 1070 255 laude
1081 217 1207 267 digna.

115 270 356 309 Praescribere
367 271 469 309 enim
483 284 521 309 se
535 271 798 316 arbitrabatur,
819 279 876 318 ut,
897 271 975 308 sine
989 270 1121 309 studiis
1135 269 1210 306 dis-

112 323 307 370 sensionis,
321 325 512 362 sententiae
519 324 741 371 dicerentur,
752 324 914 362 sisedem
927 324 1048 374 ipsam
1061 336 1103 361 ac
1115 331 1211 360 tem-

110 375 219 425 plum
244 377 386 427 publici
415 377 558 415 consilii
582 377 760 427 religione
782 376 1000 415 Concordiae
1021 376 1209 414 devinxis-

111 436 176 465 set.
206 429 286 477 Tu,
312 443 400 468 cum
425 431 535 477 ferro,
568 443 656 468 cum
684 437 817 490 mem,-
836 442 922 467 cum
949 429 1090 477 edictis,
1122 441 1210 466 cum

110 482 326 533 privilegiis,
345 496 434 521 cum
457 484 702 534 praesentibus
710 483 838 543 copiis
857 483 1104 533 perditorum,
1126 483 1211 518 abs-

110 535 204 572 entis
233 536 414 574 exercitus
443 544 579 575 terrore
602 546 638 574 et
667 537 794 585 minis,
819 537 1016 574 consulum
1042 535 1212 573 societate

111 594 148 624 et
166 588 306 626 nefario
324 589 473 638 foedere,
494 590 669 628 servitute
698 602 915 650 oppressam
937 589 1125 626 civitatem
1154 596 1210 625 te-

110 652 230 688 neres,
246 642 448 680 Libertatis
463 643 614 693 signum
633 642 789 693 posuisti
804 642 924 692 magis
936 641 985 678 ad
1002 641 1212 679 ludibrium

111 694 314 744 pudicitiae,
342 708 459 746 quam
476 695 524 732 ad
550 696 830 733 simulationem
849 695 1050 745 relig10nis.
1080 696 1153 733 Ille
1171 694 1212 731 in

111 747 229 794 curia,
250 761 335 798 quae
353 755 511 798 poterat,
532 748 612 786 sine
637 749 864 799 cujusquam
888 748 1128 786 incommodo
1146 747 1211 785 de-

111 799 280 838 dicabat:
322 807 379 849 tu,
408 801 448 837 in
482 801 570 839 civis
599 802 741 852 optime
776 801 823 838 de
862 801 1055 851 republica
1086 800 1211 838 meriti

112 865 241 890 cruore
269 866 311 892 ac
337 865 443 904 paene
468 854 627 901 ossibus,
654 854 911 900 simulacrum,
932 866 1007 891 non
1030 853 1212 891 libertatis

113 906 286 955 publicae,
319 907 383 944 sed
410 907 582 955 licentiae,
609 907 807 945 collocasti.
837 908 969 957 Atque
996 907 1060 944 ille
1084 915 1210 944 tamen

112 958 160 995 ad
179 959 378 1009 collegium
395 960 521 997 retulit
537 975 547 998 ι
578 969 620 998 tu
639 960 686 997 ad
705 972 819 1010 quem
838 960 1025 997 retulisti?

163 1012 204 1050 Si
223 1013 315 1062 quid
333 1013 568 1060 deliberares,
594 1013 624 1050 si
643 1013 735 1064 quid
760 1012 828 1050 tibi
851 1020 917 1049 aut
942 1013 1125 1062 piandum
1143 1020 1210 1050 aut

110 1065 383 1102 instituendum
402 1066 531 1103 fuisset
545 1066 722 1116 religione
741 1066 969 1111 domestica3
1001 1074 1140 1112 tamen,
1153 1065 1212 1102 in-

112 1118 242 1155 stituto
267 1126 485 1156 caeterorum
511 1126 646 1166 vetere,
677 1119 726 1156 ad
747 1118 962 1168 pontificem
986 1119 1206 1156 detulisses:

111 1183 253 1208 novum
271 1171 472 1209 delubrum
502 1185 589 1209 cum
608 1172 648 1209 in
678 1173 781 1209 urbis
801 1171 1003 1209 clarissimo
1029 1173 1123 1218 loco,
1144 1184 1203 1209 ne-

110 1223 225 1261 fando
254 1224 419 1274 quodam
447 1232 561 1275 atque
590 1225 759 1262 inaudito
782 1224 966 1272 instituto,
990 1225 1207 1269 inchoares3

111 1277 348 1314 referendum
366 1277 415 1314 ad
433 1278 636 1315 sacerdotes
654 1277 824 1328 publicos
841 1289 916 1314 non
935 1277 1077 1327 putasti
1090 1279 1108 1315 ἶ)
1136 1280 1208 1325 At,

112 1330 144 1367 si
157 1330 362 1380 collegium
379 1330 601 1381 pontificum
619 1330 876 1368 adhibendum
902 1342 977 1368 non
998 1330 1208 1376 videbatur,

111 1395 270 1421 nemone
288 1383 423 1421 horum
443 1384 510 1422 tibi
528 1384 684 1421 idoneus
703 1384 805 1421 visus
830 1390 898 1429 est,
915 1384 982 1434 qui
1000 1391 1121 1431 aetate,
1141 1383 1210 1421 ho-

111 1448 215 1483 nore,
234 1437 465 1484 auctoritate,
492 1437 732 1483 antecellunt,
762 1443 805 1473 ut
829 1449 917 1474 cum
942 1449 985 1474 eo
1010 1436 1209 1475 dedicatio-

112 1501 199 1526 nem
231 1490 551 1528 communicares?
580 1503 743 1540 quorum
773 1489 930 1541 quidem·
952 1497 995 1527 tu
1021 1502 1097 1528 non
1119 1502 1206 1528 con-

111 1543 282 1591 temsisti,
302 1543 367 1580 sed
384 1543 625 1594 pertimuisti,
645 1542 878 1593 dignitatem.

167 1595 261 1633 LII.
290 1596 359 1633 An
377 1604 419 1634 tu
437 1596 590 1634 auderes
616 1608 781 1646 quaerere
807 1609 853 1633 ex
880 1596 926 1634 P.
947 1596 1117 1644 Servilio,
1141 1604 1208 1634 aut

112 1662 159 1686 ex
179 1648 239 1685 M.
259 1649 437 1696 LucuHo,
469 1652 648 1700 (quorum
674 1661 743 1700 ego
767 1649 919 1687 consilio
943 1656 1056 1699 atque
1081 1657 1207 1687 aucto-

112 1702 222 1739 ritate
252 1702 524 1752 rempublicam
556 1702 685 1740 consul
720 1715 767 1740 ex
796 1702 925 1740 vestris
960 1703 1135 1740 manibus
1167 1716 1210 1741 ac

114 1754 287 1792 faucibus
316 1755 452 1806 eripui)
485 1755 714 1806 quibusnam
746 1755 881 1803 verbis,
914 1763 981 1793 aut
1012 1769 1088 1806 quo
1119 1756 1209 1801 ritu,

116 1807 284 1868 primum
305 1807 375 1845 hoc
392 1808 488 1868 dice,
509 1808 597 1846 civis
615 1808 772 1845 domum
791 1821 1047 1854 consecrares3
1076 1809 1210 1846 deinde

115 1860 205 1898 civis
233 1861 327 1909 ejus,
358 1861 418 1898 cui
448 1861 618 1912 princeps
643 1864 804 1908 senatus,
836 1861 898 1898 cui
925 1862 1038 1899 etiam
1062 1862 1210 1899 ordines

115 1925 259 1959 omnes,
279 1912 412 1951 deinde
431 1913 543 1951 Italia
560 1921 651 1960 tota,
678 1923 762 1964 post
780 1922 923 1951 cunctae
947 1921 1088 1974 gentes,
1109 1915 1210 1951 testi-

115 1966 288 2003 monium
307 1965 422 2014 hujus
442 1967 544 2004 urbis
562 1974 675 2017 atque
698 1967 845 2017 imperii
867 1967 1071 2005 conservati
1089 1967 1211 2004 dedis-

114 2020 228 2057 sent?
258 2018 365 2065 Quid
394 2018 545 2067 diceres,
577 2032 601 2057 ο
631 2020 793 2057 nefanda
815 2027 852 2057 et
878 2020 1081 2070 perniciosa
1110 2020 1212 2056 labes

114 2071 274 2110 civitatis
287 2073 305 2109 ?
333 2071 453 2120 Ades,
479 2072 580 2119 adeS‚
609 2073 782 2117 Luculle,
805 2072 952 2118 Servili,
972 2072 1065 2109 dum
1084 2071 1213 2109 dedico

112 2125 277 2163 domum
297 2123 500 2174 Ciceronis,
520 2132 564 2163 ut
585 2124 681 2163 mihi
711 2125 893 2176 praeeatiS,
917 2132 1136 2177 postemque
1161 2132 1217 2162 te-
