1455 2343
239 87 320 125 330
495 84 560 124 IN
589 84 906 124 VATINIUM.
937 86 1041 124 CAP.
1063 86 1102 124 4.

245 192 512 240 tas-consulta,
535 193 668 244 populi
689 193 809 242 jussa,
837 193 961 231 Italiae
983 193 1114 241 totius,
1140 200 1361 232 cunctarum

248 247 485 293 societatum,
506 246 750 297 collegiorum
769 247 941 284 omnium
965 247 1112 285 decreta
1129 247 1176 285 de
1193 260 1270 291 me,
1290 248 1364 285 rei-

248 300 412 351 publicae
430 300 543 338 causa
562 313 638 338 esse
656 300 756 338 facta
773 299 971 338 fateamur.
1002 300 1109 347 Quid
1129 314 1231 351 ergo,
1246 301 1363 339 homo

249 353 531 405 imperitissime
562 353 690 392 solidae
707 353 832 391 laudis
855 367 898 391 ac
916 367 1013 392 verae
1038 354 1246 404 dignitatis,
1266 368 1363 405 prae-

250 408 410 446 stantius
429 407 525 445 mihi
543 407 666 458 potuit
682 406 847 444 accidere
861 410 878 445 ἓ
899 407 992 458 quid
1006 408 1210 458 optabilius
1223 408 1271 445 ad
1290 408 1364 445 im-

249 461 518 498 mortalitatem
533 460 676 511 gloriae,
690 468 802 510 atque
818 460 865 498 ad
877 461 1102 498 memoriam
1114 461 1190 498 mei
1202 461 1367 498 nominis

251 514 533 565 sempiternam,
561 526 678 565 quam
697 525 827 551 omnes
845 514 916 551 hoc
940 514 1037 551 cives
1062 526 1166 552 meos
1181 514 1365 563 judicare,

251 567 411 606 civitatis
430 568 591 605 salutem
611 580 698 604 cum
717 567 805 604 mea
823 567 936 604 unius
955 567 1075 604 salute
1093 580 1171 605 esse
1189 569 1368 617 conjunc-

252 624 364 660 tam?
395 620 512 668 Quod
531 620 686 671 quidem
710 633 779 670 ego
805 620 874 657 tibi
892 620 1007 658 reddo
1031 628 1167 658 tuum:
1198 633 1302 669 nam,
1323 628 1368 658 ut

253 681 296 712 tu
315 687 378 712 me
398 687 527 712 carum
543 687 620 712 esse
634 673 764 711 dixisti
782 674 929 711 senatui
942 674 1160 725 populoque
1175 674 1366 723 Romano,

254 740 332 765 non
356 735 435 765 tam
460 727 547 764 mea
572 727 700 773 caus-22,
731 740 849 777 quam
878 727 1119 778 reipublicae3
1149 727 1202 765 sic
1224 741 1293 778 ego
1315 734 1366 776 te,

256 794 493 832 quamquam
513 780 561 818 sis
579 781 685 818 omni
705 780 854 818 diritate
873 788 987 831 atque
1005 780 1242 819 immanitate
1258 788 1371 819 teter·=

256 835 391 882 rimus,
423 842 551 872 tamen
576 833 660 871 dico
682 846 760 871 esse
784 834 871 871 odio
898 833 1053 881 civitati,
1077 846 1154 871 non
1180 841 1258 872 tam
1285 841 1367 883 tuo,

255 901 374 939 quam
393 887 624 938 reipublicae,
644 887 809 924 nomine.

311 942 386 981 IV.
416 942 564 993 Atque,
584 947 629 978 ut
647 941 852 991 aliquando
872 940 920 978 ad
935 947 972 978 te
986 940 1150 988 veniam,
1166 941 1212 979 de
1225 953 1288 979 me
1299 941 1372 980 hoc

257 995 306 1033 sit
325 1002 551 1033 extremum.
591 993 698 1041 Quid
724 994 884 1045 quisque
906 997 1076 1032 nostrum
1094 995 1142 1032 de
1161 1008 1199 1033 se
1216 995 1297 1046 ipse
1314 995 1372 1032 10-

257 1056 411 1100 quatur,
432 1061 509 1086 non
529 1054 583 1086 est
602 1060 705 1095 sane,
721 1060 798 1085 non
810 1055 865 1086 est
878 1048 1171 1099 requirendum:
1199 1048 1290 1091 boni
1301 1048 1372 1085 viri

254 1102 427 1151 judicent
443 1116 454 1147 ς
484 1102 524 1139 id
543 1108 598 1140 est
615 1101 777 1139 maximi
795 1101 980 1139 momenti
999 1109 1035 1139 et
1053 1101 1241 1152 ponderis.
1279 1100 1372 1152 Duo

257 1162 347 1193 sunt
369 1163 552 1207 tempora,
583 1154 722 1206 quibus
748 1161 964 1193 nostrorum
991 1156 1132 1193 civium
1160 1162 1374 1206 spectentur

255 1209 400 1258 judicia
428 1209 475 1247 de
506 1208 640 1253 nobis;
678 1221 803 1246 unum
834 1209 1002 1255 honoris,
1033 1209 1196 1247 alterum
1228 1208 1371 1246 salutis.

260 1263 397 1301 Honos
415 1263 500 1301 talis
525 1262 659 1313 populi
682 1262 851 1300 Romani
869 1263 1062 1300 voluntate
1085 1262 1215 1313 paucis
1233 1270 1288 1300 est
1305 1262 1373 1300 de-

258 1316 375 1362 latus,
406 1329 450 1354 ac
473 1316 596 1361 mihi3
637 1316 737 1353 salus
765 1322 871 1353 tanto
893 1315 1018 1352 studio
1040 1315 1201 1353 civitatis
1227 1315 1373 1353 nemini

258 1369 417 1407 reddita.
454 1369 517 1407 De
542 1377 578 1407 te
596 1376 725 1406 autem
746 1368 919 1406 homines
938 1369 1031 1419 quid
1050 1369 1225 1414 sentiant,
1245 1368 1285 1405 in
1303 1368 1373 1406 ho-

257 1435 349 1460 nore
364 1423 508 1474 experti
520 1435 664 1468 sumus,
674 1421 840 1459 insalute
852 1429 1124 1472 exspectamus.
1146 1422 1220 1460 Sed
1229 1429 1373 1469 tamen,

258 1488 308 1513 ne
328 1489 392 1514 me
414 1489 502 1513 cum
524 1475 584 1513 his
609 1475 841 1525 principibus
866 1475 1039 1523 civitatis,
1065 1475 1132 1526 qui
1158 1475 1296 1513 adsunt
1324 1475 1371 1512 P.

259 1529 403 1577 Sextio,
425 1530 489 1567 sed
507 1536 551 1566 ut
572 1536 711 1575 tecum,
727 1529 881 1566 homine
900 1541 991 1576 uno,
1011 1542 1086 1566 non
1107 1529 1232 1566 solum
1245 1528 1374 1580 impu-

259 1583 481 1620 dentissimo
489 1590 603 1633 atque
615 1582 761 1627 infimo,
772 1582 959 1619 conferam
972 1596 983 1627 3
1005 1583 1051 1620 de
1063 1590 1100 1619 te
1114 1582 1210 1633 ipso,
1219 1582 1375 1620 homine

260 1643 297 1674 et
311 1636 615 1687 arrogantissimo
627 1642 664 1673 et
674 1635 770 1672 mihi
780 1635 1053 1682 inimicissimo,
1070 1648 1212 1686 quaero,
1226 1635 1374 1684 Vatini,

261 1697 394 1727 utrum
412 1689 566 1727 tandem
584 1696 709 1739 putes,
734 1689 824 1726 huic
847 1689 1002 1735 civitati,
1028 1689 1119 1728 huic
1142 1689 1373 1739 reipublicae,

262 1743 353 1781 huie
376 1743 477 1789 urbi,
498 1743 556 1780 his
582 1743 748 1792 templis,
779 1743 921 1788 aerario,
942 1742 1068 1790 curiae,
1089 1742 1178 1781 viris
1201 1742 1261 1780 his
1280 1755 1375 1793 quos

260 1796 380 1843 vides,
399 1796 538 1834 horum
557 1795 679 1842 bonis,
699 1795 874 1843 fortunis,
893 1795 1033 1843 liberis,
1054 1796 1198 1834 civibus
1217 1796 1373 1844 caeteris,

261 1850 426 1901 denique
438 1849 610 1888 Deorum
622 1849 898 1887 immortalium
913 1849 1093 1897 delubris,
1109 1849 1297 1900 auspiciis,
1317 1862 1376 1887 re-

258 1903 481 1954 ·ligionibuS,
501 1903 637 1940 melius
655 1902 771 1941 fuisse
790 1910 827 1940 et
844 1903 1108 1954 praestabilius,
1123 1915 1186 1940 me
1205 1902 1324 1941 civem
1335 1902 1377 1940 in

261 1957 334 1995 hac
352 1957 500 1995 civitate
519 1956 634 2003 nasci,
651 1969 699 1993 an
712 1964 748 1993 te
763 1958 779 1994 Ρ
810 1956 911 1994 Cum
925 1957 1022 1993 mihi
1034 1957 1114 1994 haec
1127 1955 1376 2007 responderis,

263 2018 331 2048 aut
348 2010 401 2048 ita
419 2009 674 2061 impudenter,
694 2017 739 2046 ut
757 2022 894 2048 manus
913 2024 935 2048 a
946 2016 983 2047 te
996 2010 1168 2048 homines
1182 2009 1246 2047 vix
1261 2009 1378 2047 absti-

258 2077 352 2102 nere
363 2064 521 2114 possint,
537 2070 604 2101 aut
622 2064 675 2100 ita
693 2062 875 2110 dolenter,
885 2070 930 2101 ut
940 2063 1145 2114 aliquando
1154 2061 1281 2114 [ista,]
1291 2076 1378 2113 quae

261 2124 352 2155 sunt
368 2117 513 2164 inflata,
532 2123 784 2167 rumpantur3
815 2124 900 2154 tum
919 2117 1137 2157 memoriter
1155 2116 1378 2168 respondeto

258 2171 309 2210 ad
327 2184 384 2216 ea,
404 2184 491 2222 quae
508 2171 555 2208 de
574 2177 611 2208 te
629 2171 711 2222 ipso
730 2170 875 2221 rogaro.
