1425 2334
245 118 324 158 DE
353 119 594 159 HARUSP.
625 119 892 160 RESPONS.
922 119 1026 159 CAP.
1047 123 1085 158 5·
1144 120 1215 160 191

117 224 246 262 sertim
263 238 385 273 reum,
404 227 513 276 cujus
530 226 595 264 ille
618 227 834 265 inimicitias
852 239 928 265 non
947 227 1070 266 solum
1097 239 1223 265 susce-

117 277 174 327 pit
202 288 354 330 propter
378 279 537 318 salutem
557 293 698 328 meam,
724 293 857 318 verum
883 280 996 318 etiarn
1025 280 1221 332 appetivit-

117 329 193 368 Sed
222 331 254 369 si
287 332 401 370 etiam
419 345 521 371 nunc
537 333 764 384 illaqueatus
790 335 872 383 jam
899 333 1072 371 omnium
1089 334 1221 384 legum

116 384 304 434 periculis,
324 385 488 424 irretitus
506 386 593 425 odio
609 388 795 425 bonorum
814 387 1002 434 omnium,
1029 395 1221 437 exspecta-

116 437 217 475 tione
235 439 409 489 supplicii
424 441 505 488 jam
524 452 600 478 non
619 440 800 478 diuturna
820 440 1050 491 implicatur,
1079 440 1220 478 feretur

114 497 240 528 tamen
258 492 447 538 haesitans,
468 500 505 530 et
523 493 563 530 in
582 506 644 531 me
662 493 850 544 impetum
865 493 1070 544 impeditus
1096 493 1218 531 facere

115 544 310 582 conabitur
323 559 335 590 ;
365 546 549 594 resistam,
566 554 615 593 et,
629 554 695 584 aut
709 544 1013 596 eoncedenteffaut
1026 546 1139 584 etiam
1152 545 1220 584 ad-

110 596 270 645 juvante
290 599 452 646 Milone,
484 601 565 648 ejus
591 607 768 638 conatum
786 599 982 638 refutabo:
1013 600 1118 637 velut
1134 599 1220 637 hes-

115 657 220 689 terno
238 651 312 697 die,
328 665 416 690 cum
430 653 526 690 mihi
537 661 639 691 stans
649 653 787 691 tacenti
798 653 1019 699 minaretur,
1033 665 1121 691 voce
1136 660 1220 690 tan-

115 710 199 741 tum
218 705 326 756 attigi
343 706 473 755 legum
501 706 654 744 initium
684 715 721 744 et
746 707 906 756 judicii:
937 706 1102 744 consedit
1127 706 1218 751 ille3

116 757 305 796 conticuit.
349 758 466 796 Diem
483 759 651 806 dixisset,
670 767 714 797 ut
729 761 891 808 jecerat3
920 759 1103 805 fecissem,
1123 766 1167 796 ut
1186 759 1221 797 ei

116 810 244 848 statim
263 812 393 849 tertius
413 825 436 849 a
453 820 610 863 praetore
629 813 706 851 dies
719 813 913 851 diceretur.
942 813 1075 864 Atque
1085 812 1157 850 hoc
1168 812 1221 851 sic

114 863 343 912 moderetur,
372 872 408 902 et
426 866 576 916 cogitet,
606 866 637 904 si
667 873 861 904 contentus
880 866 928 904 sit
955 866 1001 903 iis
1021 865 1220 904 sceleribus

115 928 202 966 quae
220 918 420 966 commisit,
445 919 528 968 jam
557 932 595 957 se
613 932 690 958 esse
713 926 969 958 consecratum
988 918 1159 963 Miloni3
1187 918 1220 956 si

115 970 220 1019 quod
236 970 276 1007 in
295 983 358 1009 me
375 972 495 1010 telum
508 972 721 1020 intenderit,
737 973 864 1010 statim
875 985 938 1010 me
956 985 1034 1010 esse
1048 978 1219 1023 arreptu-

115 1035 205 1068 rum
223 1036 329 1062 arma
342 1025 574 1074 judiciorum
591 1034 705 1077 atque
723 1026 865 1076 legum.

168 1077 294 1127 Atqui
310 1078 426 1128 paulo
436 1086 538 1125 ante,
557 1088 682 1130 patres
694 1079 906 1130 conscripti,
920 1079 1135 1117 concionem
1149 1077 1219 1116 ha-

114 1129 212 1176 buit,
232 1143 319 1181 quae
337 1138 392 1169 est
410 1131 458 1169 ad
475 1144 538 1170 me
555 1139 634 1170 tota
644 1132 768 1170 delata
781 1146 793 1169 z
821 1134 931 1182 cujus
944 1131 1129 1170 concionis
1140 1130 1218 1182 pri-

113 1194 224 1220 mum
242 1183 460 1223 universum
479 1193 748 1236 argumentum
767 1186 1065 1236 sententiamque
1076 1184 1218 1223 audite.

113 1234 216 1273 Cum
227 1237 380 1275 riseritis
390 1237 669 1289 impudentiam
682 1238 861 1287 hominis,
875 1245 959 1276 tum
971 1251 995 1276 a.
1003 1250 1067 1276 me
1080 1238 1127 1276 de
1138 1237 1219 1277 tota

113 1290 292 1328 concione
308 1290 480 1330 audietis.
772 1304 774 1306 ·

166 1342 217 1381 V.
246 1343 309 1382 De
326 1344 584 1395 religionibus,
604 1345 729 1393 sacris,
750 1352 787 1384 et
805 1345 1041 1391 caerimoniis,
1062 1350 1116 1383 est
1130 1356 1219 1382 con-

113 1394 296 1443 cionatus,
325 1404 452 1449 patres
482 1398 693 1449 conscripti,
728 1398 885 1437 Clodius
900 1413 909 1436 ε
950 1397 1113 1436 Publius
1143 1398 1219 1440 (in-

107 1456 241 1499 quam)
251 1449 421 1499 Clodius,
431 1464 536 1490 sacra
546 1458 584 1489 et
597 1452 795 1503 religiones
808 1464 882 1502 neg
899 1452 907 1459 “
939 1452 964 1498 ',
978 1451 1123 1498 violari,
1133 1451 1218 1501 pol-

111 1500 183 1549 lui,
203 1510 358 1554 questus
377 1512 442 1542 oet.
471 1505 514 1542 N
515 1517 564 1542 on
578 1505 735 1552 mirum,
756 1505 787 1543 si
804 1505 876 1543 hoc
892 1505 995 1543 vobis
1012 1504 1218 1542 ridiculum

113 1554 286 1594 videtur:
316 1557 430 1595 etiam
449 1570 517 1596 sua
534 1558 661 1596 concio
679 1559 773 1604 risit,
793 1557 1004 1605 hominem,
1027 1557 1218 1608 quomodo

113 1606 194 1658 ipse
210 1609 364 1660 gloriari
382 1611 489 1657 solet,
507 1611 678 1650 ducentis
693 1611 886 1650 confixum
901 1609 1219 1649 senatfis-consul-

113 1660 176 1707 tis,
205 1675 292 1712 quae
316 1671 405 1702 sunt
430 1665 559 1702 omnia
587 1671 716 1703 contra
742 1665 855 1702 illum
883 1677 953 1715 pro
974 1663 1219 1714 religionibus

112 1712 226 1762 facta,
237 1714 507 1768 hominemque
518 1730 622 1766 eum,
637 1718 705 1769 qui
718 1717 979 1769 pulvinaribus
990 1718 1112 1755 Bonae
1123 1716 1219 1754 Deae

115 1773 291 1818 stuprum
319 1769 503 1818 intulerit,
530 1783 651 1822 eaque
669 1784 787 1819 sacra,
818 1784 904 1822 quae
922 1771 993 1809 viri
1009 1770 1141 1819 oculis,
1171 1781 1220 1807 ne

114 1819 367 1871 imprudentis
383 1823 553 1873 quidem,
572 1823 715 1875 adspici
741 1824 798 1862 fas
816 1831 884 1873 est,
913 1836 990 1861 non
1008 1824 1133 1861 solum
1151 1822 1220 1860 ad-

113 1880 245 1923 spectu
263 1873 376 1921 virili,
406 1876 470 1914 sed
487 1877 631 1927 flagitio
654 1885 860 1929 stuproque
877 1877 1041 1924 violarit,
1069 1877 1110 1914 in
1129 1888 1220 1914 con-

114 1926 220 1964 cione
237 1926 284 1964 de
301 1928 544 1978 religionibus
554 1930 732 1981 neglectis
745 1930 935 1981 conqueri.
966 1930 1104 1980 Itaque
1115 1940 1217 1966 nunc

113 1980 290 2029 proxima
306 1981 434 2020 concio
452 1983 535 2031 ejus
552 1992 789 2034 exspectatur
806 1983 854 2021 de
880 1983 1074 2034 pudicitia.
1110 1981 1220 2028 Quid

114 2032 216 2070 enim
234 2033 399 2081 interest,
419 2042 564 2083 utrum,
585 2038 632 2074 ab
651 2036 832 2074 altaribus
849 2034 1138 2086 religiosissimis
1155 2033 1218 2071 fu-

113 2092 238 2135 gatus,
264 2085 311 2124 de
338 2087 450 2126 sacris
468 2095 506 2126 et
523 2089 766 2139 religionibus
784 2096 1048 2140 conqueratur,
1078 2099 1141 2135 an,
1171 2098 1219 2124 ex

113 2149 285 2176 sororum
313 2140 487 2179 cubiculo
504 2154 688 2192 egressus,
712 2142 896 2193 pudorem
921 2140 1220 2192 pudicitiamque

110 2189 289 2231 defendat
303 2194 320 2231 Ξ)
351 2193 851 2247 Responsmnharuspicum
865 2195 936 2235 hoc
948 2205 1073 2234 recens
1088 2192 1134 2234 de
1145 2192 1219 2240 fre-
