1389 2339
239 84 314 123 DE
335 85 602 125 PROVINC.
624 85 859 125 CONSUL.
889 85 992 123 CAP-
1017 84 1077 121 16.
1131 82 1209 120 :393

165 191 276 229 Alter
294 193 383 230 beni
398 192 535 230 Gallici
550 193 731 230 rationem
745 193 881 230 habet:
905 190 1075 241 fungitur
1093 189 1213 227 officio

113 244 202 281 boui
221 245 420 283 senatoris:
441 246 577 296 legem,
598 258 714 297 quam
734 257 807 282 non
821 252 944 296 putat,
960 256 1042 281 eam
1062 255 1214 294 quoque

114 305 258 343 servat;
298 298 460 348 praefinit
485 299 586 337 enim
616 298 812 336 successori
841 298 955 334 diem.
1002 297 1083 344 Qui
1118 295 1214 333 mihi

114 349 208 386 nihil
235 350 382 388 videtur
406 352 535 389 minus
553 366 576 389 a
593 351 774 401 dignitate
798 350 1070 400 disciplinaque
1094 350 1217 398 majo-·

115 415 200 439 rum
215 403 407 451 dissidere,
428 417 543 455 quam
563 412 620 450 ut,
641 405 707 454 qui
726 404 855 442 consul
874 403 1050 441 Calendis
1068 402 1216 440 Janua-

115 455 177 492 riis
195 455 331 494 habere
349 457 578 508 provinciam
597 457 720 503 debet,
747 457 779 494 is
805 464 850 494 ut
868 469 952 494 eam
977 455 1215 506 desponsam,

114 520 188 544 non
207 508 408 556 decretam,
433 510 571 548 habere
590 510 770 547 videatur.
814 509 946 546 Fuerit
963 515 1041 546 toto
1066 508 1107 545 in
1126 520 1215 546 con-

113 561 238 598 sulatu
258 561 337 600 sine
362 563 568 613 provincia,
592 563 652 600 cui
670 562 796 609 fuerit,
817 568 1020 612 antequam
1045 561 1217 611 designa-

113 621 173 650 tus
186 622 291 661 esset,
307 615 498 665 provincia
511 616 655 653 decreta
669 618 686 653 Ρ
716 615 911 662 Sortietur,
931 626 979 651 an
998 626 1072 651 non
1087 616 1104 651 Ρ
1124 626 1215 651 nam

113 673 150 702 et
168 679 244 704 uon
256 668 376 705 sortiri
394 669 600 706 absurdum
615 675 682 715 est,
699 676 748 716 et,
769 667 871 719 quod
889 667 1041 705 sortitus
1055 667 1118 714 sis,
1138 679 1215 704 non

113 719 260 757 habere.
290 721 550 759 Proficiscetur
581 721 782 772 paludatus
796 724 813 759 ἶ)
843 720 946 771 quo?
975 733 1052 771 quo
1083 732 1214 770 perve-

114 772 193 810 nire
210 781 297 810 ante
315 782 454 812 certam
472 774 574 812 diem
589 787 663 812 non
682 774 818 812 licebit.
848 774 1046 821 Januario,
1067 773 1214 811 Febru-

113 825 203 872 ario,
224 827 453 876 provinciam
484 841 558 865 non
584 828 747 865 habebit.
787 827 964 865 Calendis
993 827 1026 864 ei
1053 826 1216 877 denique

117 877 281 923 Martiis,
295 888 465 918 nascetur
476 888 626 931 repente
638 881 838 931 provincia.
868 881 1052 917 Attamen
1063 879 1122 917 his
1134 891 1218 917 sen-

115 932 238 969 tentiis
258 932 346 970 Piso
364 933 402 969 in
422 934 612 984 provincia
630 933 875 984 permanebit.
905 932 1006 979 Quae
1023 945 1110 970 cum
1128 945 1216 982 gra-

115 984 174 1020 via
193 994 293 1032 sunt,
314 993 396 1023 tum
422 987 517 1024 nihil
535 988 684 1037 gravius
709 987 788 1034 illo,
804 985 906 1037 quod
924 985 1078 1023 multari
1096 985 1217 1036 impe-

114 1045 273 1075 ratorem
292 1038 547 1077 deminutione
566 1039 780 1090 provinciae,
800 1038 1111 1077 contumeliosum
1135 1046 1214 1082 est:

116 1102 237 1140 neque
256 1092 379 1129 solum
404 1105 557 1130 summo
575 1093 613 1129 in
633 1093 727 1141 viro,
755 1093 819 1130 sed
838 1092 951 1130 etiam
973 1091 1152 1130 mediocri
1176 1092 1217 1128 in

116 1142 280 1189 homine,
301 1157 348 1182 ne
365 1145 519 1191 accidat,
541 1145 825 1196 providendum.

168 1197 282 1234 XVI.
313 1197 398 1248 Ego
412 1212 476 1236 vos
494 1198 675 1247 intelligo,
695 1205 818 1249 patres
835 1198 1047 1249 conscripti,
1072 1199 1215 1236 multos

113 1250 317 1288 decrevisse
342 1251 498 1289 honores
517 1251 673 1289 eximios
693 1253 736 1289 G.
762 1251 914 1298 Caesari,
941 1259 978 1288 ct
1004 1264 1121 1302 prope
1138 1251 1215 1289 sin-

113 1302 286 1352 gulares;
317 1304 362 1349 si,
378 1304 480 1354 quod
498 1304 551 1341 ita
569 1304 724 1342 meritus
745 1311 837 1349 erat,
856 1303 978 1354 grati3
1007 1304 1064 1341 sin
1082 1304 1223 1349 etiam,

113 1364 285 1405 utquam
306 1357 631 1405 conjunctissimus
655 1357 744 1395 huic
761 1357 884 1394 ordini
902 1366 1008 1404 esset,
1029 1357 1214 1407 sapientes

113 1422 156 1446 ac
180 1409 312 1455 divini,
337 1409 470 1447 fuistis.
513 1410 719 1448 Neminem
747 1422 917 1460 unquam
948 1417 1003 1447 est
1032 1410 1094 1448 hic
1124 1410 1216 1448 ordo

114 1462 332 1511 complexus
366 1462 570 1500 honoribus
594 1470 630 1500 et
659 1462 845 1501 beneficiis
874 1461 967 1510 suis,
995 1464 1063 1514 qui
1094 1463 1215 1501 ullam

113 1514 334 1564 dignitatem
367 1515 671 1565 praestabiliorem
703 1515 758 1563 ea,
789 1528 905 1566 quam
935 1528 1002 1566 per
1032 1529 1098 1554 vos
1121 1523 1217 1554 esset

112 1568 283 1617 adeptus,
324 1569 491 1618 putarit:
532 1581 642 1607 nemo
678 1581 847 1620 unquam
880 1569 943 1606 hic
978 1569 1101 1619 potuit
1137 1581 1216 1607 esse

116 1621 298 1670 princeps,
318 1621 385 1671 qui
403 1622 578 1659 maluerit
601 1635 678 1660 esse
695 1621 898 1673 popularis.
927 1621 1002 1660 Sed
1028 1622 1215 1669 homines,

113 1680 178 1710 aut
196 1680 346 1723 propter
364 1673 582 1724 dignitatem
598 1687 706 1712 suam
718 1675 829 1713 diffisi
840 1674 912 1725 ipsi
923 1674 1009 1723 sibi,
1023 1681 1090 1712 aut
1103 1687 1217 1725 prop-

114 1733 169 1763 ter
187 1726 417 1776 reliquorum
436 1728 739 1766 obtrectationem
758 1730 806 1766 ab
830 1728 946 1776 hujus
965 1727 1106 1766 ordinis
1124 1739 1214 1765 con-

110 1778 303 1826 junctione
321 1779 480 1830 depulsi,
501 1793 598 1831 saepe
616 1794 662 1818 ex
680 1781 751 1819 hoc
768 1788 879 1831 portu
899 1780 995 1818 sein
1020 1780 1104 1817 illos
1121 1780 1216 1818 fluc-

112 1839 173 1868 tus
191 1844 307 1882 prope
325 1832 527 1871 necessario
551 1834 799 1872 contulerunt.
839 1833 920 1880 Qui
939 1833 970 1870 si
988 1845 1037 1870 ex
1053 1831 1119 1870 ina
1137 1833 1217 1881 jac-

115 1884 254 1922 tatione
272 1897 457 1936 cursuque
475 1886 662 1936 populari,
681 1888 776 1925 bene
793 1885 897 1937 gesta
915 1898 954 1923 re
972 1885 1138 1936 publica,
1158 1899 1216 1924 re-

115 1937 242 1974 ferunt
259 1937 477 1988 adspectum
495 1939 535 1976 in
554 1939 710 1987 curiam,
730 1947 844 1990 atque
865 1939 954 1976 huic
972 1939 1216 1989 amplissimae

113 1990 287 2039 dignitati
315 1991 566 2029 commendati
595 2005 672 2030 esse
702 1993 860 2035 volunt;
889 2004 965 2029 non
995 1991 1108 2030 modo
1137 2004 1214 2030 non

113 2043 316 2092 repellendi
335 2051 438 2091 sunt,
458 2057 587 2082 verum
607 2046 721 2084 etiam
739 2044 949 2096 expetendi.

171 2095 378 2134 Monemur
389 2109 414 2135 a
430 2097 631 2136 fortissimo
648 2098 742 2144 viro,
762 2106 874 2149 atque
887 2097 1030 2148 optimo
1048 2103 1132 2148 post
1149 2097 1217 2136 ho-

114 2149 263 2187 minum
281 2149 505 2198 memoriam
523 2152 688 2199 consule,
708 2158 752 2189 ut
769 2150 1044 2203 provideamus,
1064 2162 1112 2198 ne
1129 2150 1225 2190 cite..r
