<?xml version="1.0" encoding="UTF-8"?>
<!DOCTYPE html PUBLIC "-//W3C//DTD XHTML 1.0 Transitional//EN"
    "http://www.w3.org/TR/xhtml1/DTD/xhtml1-transitional.dtd">
<html xmlns="http://www.w3.org/1999/xhtml" xml:lang="en" lang="en">
 <head>
  <title>
</title>
<meta http-equiv="Content-Type" content="text/html;charset=utf-8" />
  <meta name='ocr-system' content='tesseract 3.04.00' />
  <meta name='ocr-capabilities' content='ocr_page ocr_carea ocr_par ocr_line ocrx_word'/>
</head>
<body>
  <div class='ocr_page' id='page_1' title='image "./operaern07ciceuoft_0132.png"; bbox 0 0 1435 2328; ppageno 0'>
   <div class='ocr_carea' id='block_1_1' title="bbox 222 73 1140 121">
    <p class='ocr_par' dir='ltr' id='par_1_1' title="bbox 222 73 1140 121">
     <span class='ocr_line' id='line_1_1' title="bbox 222 73 1140 121; baseline 0.003 -10"><span class='ocrx_word' id='word_1_1' title='bbox 222 73 298 111; x_wconf 85' lang='grc'>118</span> <span class='ocrx_word' id='word_1_2' title='bbox 407 73 549 115; x_wconf 89' lang='lat' dir='ltr'>POST</span> <span class='ocrx_word' id='word_1_3' title='bbox 579 75 854 116; x_wconf 87' lang='lat' dir='ltr'><strong>REDITUM</strong></span> <span class='ocrx_word' id='word_1_4' title='bbox 885 77 944 116; x_wconf 91' lang='lat'>11.</span> <span class='ocrx_word' id='word_1_5' title='bbox 974 76 1080 116; x_wconf 65' lang='lat' dir='ltr'><strong>CM».</strong></span> <span class='ocrx_word' id='word_1_6' title='bbox 1101 77 1140 121; x_wconf 89' lang='lat'>7.</span> 
     </span>
    </p>
   </div>
   <div class='ocr_carea' id='block_1_2' title="bbox 215 179 1351 2215">
    <p class='ocr_par' dir='ltr' id='par_1_2' title="bbox 215 179 1340 878">
     <span class='ocr_line' id='line_1_2' title="bbox 215 179 1330 232; baseline 0.004 -15"><span class='ocrx_word' id='word_1_7' title='bbox 215 179 309 231; x_wconf 91' lang='lat' dir='ltr'>quin</span> <span class='ocrx_word' id='word_1_8' title='bbox 328 179 359 219; x_wconf 89' lang='lat' dir='ltr'>is</span> <span class='ocrx_word' id='word_1_9' title='bbox 378 193 455 230; x_wconf 91' lang='lat' dir='ltr'>me,</span> <span class='ocrx_word' id='word_1_10' title='bbox 474 182 687 222; x_wconf 81' lang='lat' dir='ltr'>confectum</span> <span class='ocrx_word' id='word_1_11' title='bbox 706 184 966 223; x_wconf 84' lang='lat' dir='ltr'>consularibus</span> <span class='ocrx_word' id='word_1_12' title='bbox 985 183 1221 232; x_wconf 86' lang='lat' dir='ltr'>vulneribus,</span> <span class='ocrx_word' id='word_1_13' title='bbox 1240 194 1330 222; x_wconf 87' lang='lat' dir='ltr'>con-</span> 
     </span>
     <span class='ocr_line' id='line_1_3' title="bbox 218 233 1327 285; baseline 0.004 -15"><span class='ocrx_word' id='word_1_14' title='bbox 218 233 336 271; x_wconf 89' lang='lat' dir='ltr'>sulari</span> <span class='ocrx_word' id='word_1_15' title='bbox 365 235 554 275; x_wconf 89' lang='lat' dir='ltr'>medicina</span> <span class='ocrx_word' id='word_1_16' title='bbox 582 237 632 276; x_wconf 86' lang='lat' dir='ltr'>ad</span> <span class='ocrx_word' id='word_1_17' title='bbox 661 238 823 276; x_wconf 88' lang='lat' dir='ltr'>salutem</span> <span class='ocrx_word' id='word_1_18' title='bbox 852 238 1074 277; x_wconf 81' lang='lat' dir='ltr'><strong>reduceret?</strong></span> <span class='ocrx_word' id='word_1_19' title='bbox 1103 237 1192 275; x_wconf 92' lang='lat' dir='ltr'>Hoc</span> <span class='ocrx_word' id='word_1_20' title='bbox 1218 236 1327 285; x_wconf 87' lang='lat' dir='ltr'>duce,</span> 
     </span>
     <span class='ocr_line' id='line_1_4' title="bbox 217 287 1329 348; baseline 0.003 -24"><span class='ocrx_word' id='word_1_21' title='bbox 217 287 363 348; x_wconf 90' lang='lat' dir='ltr'>collega</span> <span class='ocrx_word' id='word_1_22' title='bbox 380 297 507 328; x_wconf 88' lang='lat' dir='ltr'>autem</span> <span class='ocrx_word' id='word_1_23' title='bbox 521 292 616 341; x_wconf 88' lang='lat' dir='ltr'>ejus,</span> <span class='ocrx_word' id='word_1_24' title='bbox 632 292 925 330; x_wconf 89' lang='lat' dir='ltr'>clementissimo</span> <span class='ocrx_word' id='word_1_25' title='bbox 944 299 1058 343; x_wconf 87' lang='lat' dir='ltr'>atque</span> <span class='ocrx_word' id='word_1_26' title='bbox 1076 291 1221 342; x_wconf 90' lang='lat' dir='ltr'>optimo</span> <span class='ocrx_word' id='word_1_27' title='bbox 1234 289 1329 336; x_wconf 88' lang='lat' dir='ltr'>viro,</span> 
     </span>
     <span class='ocr_line' id='line_1_5' title="bbox 217 341 1334 403; baseline 0.002 -25"><span class='ocrx_word' id='word_1_28' title='bbox 217 341 342 403; x_wconf 69' lang='lat' dir='ltr'>primo</span> <span class='ocrx_word' id='word_1_29' title='bbox 360 355 435 381; x_wconf 94' lang='lat' dir='ltr'>non</span> <span class='ocrx_word' id='word_1_30' title='bbox 455 344 688 393; x_wconf 86' lang='lat' dir='ltr'>adversante,</span> <span class='ocrx_word' id='word_1_31' title='bbox 715 353 802 396; x_wconf 88' lang='lat' dir='ltr'>post</span> <span class='ocrx_word' id='word_1_32' title='bbox 819 346 933 384; x_wconf 89' lang='lat' dir='ltr'>etiam</span> <span class='ocrx_word' id='word_1_33' title='bbox 952 345 1170 394; x_wconf 84' lang='lat' dir='ltr'>adjuvante,</span> <span class='ocrx_word' id='word_1_34' title='bbox 1196 343 1334 395; x_wconf 87' lang='lat' dir='ltr'>reliqui</span> 
     </span>
     <span class='ocr_line' id='line_1_6' title="bbox 219 395 1334 449; baseline 0.003 -17"><span class='ocrx_word' id='word_1_35' title='bbox 219 395 462 446; x_wconf 86' lang='lat' dir='ltr'>magistratus</span> <span class='ocrx_word' id='word_1_36' title='bbox 492 411 601 449; x_wconf 88' lang='lat' dir='ltr'>paene</span> <span class='ocrx_word' id='word_1_37' title='bbox 630 412 760 437; x_wconf 89' lang='lat' dir='ltr'>omnes</span> <span class='ocrx_word' id='word_1_38' title='bbox 779 399 934 438; x_wconf 91' lang='lat' dir='ltr'>fuerunt</span> <span class='ocrx_word' id='word_1_39' title='bbox 961 399 1174 437; x_wconf 87' lang='lat' dir='ltr'>defensores</span> <span class='ocrx_word' id='word_1_40' title='bbox 1202 396 1334 436; x_wconf 84' lang='lat' dir='ltr'>salutis</span> 
     </span>
     <span class='ocr_line' id='line_1_7' title="bbox 219 449 1337 502; baseline 0.003 -16"><span class='ocrx_word' id='word_1_41' title='bbox 219 461 326 487; x_wconf 90' lang='lat' dir='ltr'>meae.</span> <span class='ocrx_word' id='word_1_42' title='bbox 356 450 421 488; x_wconf 87' lang='lat' dir='ltr'>Ex</span> <span class='ocrx_word' id='word_1_43' title='bbox 441 452 594 502; x_wconf 90' lang='lat' dir='ltr'>quibus,</span> <span class='ocrx_word' id='word_1_44' title='bbox 616 453 813 491; x_wconf 85' lang='lat' dir='ltr'>excellenti</span> <span class='ocrx_word' id='word_1_45' title='bbox 840 453 981 501; x_wconf 88' lang='lat' dir='ltr'>animo,</span> <span class='ocrx_word' id='word_1_46' title='bbox 1002 453 1155 498; x_wconf 81' lang='lat' dir='ltr'>virtute,</span> <span class='ocrx_word' id='word_1_47' title='bbox 1176 449 1337 490; x_wconf 88' lang='lat' dir='ltr'>auctori-</span> 
     </span>
     <span class='ocr_line' id='line_1_8' title="bbox 220 505 1336 557; baseline 0.003 -18"><span class='ocrx_word' id='word_1_48' title='bbox 220 508 310 550; x_wconf 88' lang='lat' dir='ltr'>tate,</span> <span class='ocrx_word' id='word_1_49' title='bbox 331 505 521 555; x_wconf 82' lang='lat' dir='ltr'>praesidio,</span> <span class='ocrx_word' id='word_1_50' title='bbox 543 506 674 557; x_wconf 87' lang='lat' dir='ltr'>copiis,</span> <span class='ocrx_word' id='word_1_51' title='bbox 695 507 745 544; x_wconf 88' lang='lat' dir='ltr'>T.</span> <span class='ocrx_word' id='word_1_52' title='bbox 766 507 922 545; x_wconf 91' lang='lat' dir='ltr'><strong>Annius</strong></span> <span class='ocrx_word' id='word_1_53' title='bbox 942 514 978 545; x_wconf 90' lang='lat' dir='ltr'>et</span> <span class='ocrx_word' id='word_1_54' title='bbox 997 507 1042 545; x_wconf 91' lang='lat' dir='ltr'>P.</span> <span class='ocrx_word' id='word_1_55' title='bbox 1057 505 1226 553; x_wconf 86' lang='lat' dir='ltr'>Sextius,</span> <span class='ocrx_word' id='word_1_56' title='bbox 1238 518 1336 556; x_wconf 87' lang='lat' dir='ltr'>prae-</span> 
     </span>
     <span class='ocr_line' id='line_1_9' title="bbox 218 557 1337 598; baseline 0.003 -5"><span class='ocrx_word' id='word_1_57' title='bbox 218 557 333 594; x_wconf 84' lang='lat' dir='ltr'>stanti</span> <span class='ocrx_word' id='word_1_58' title='bbox 360 557 400 595; x_wconf 87' lang='lat' dir='ltr'>in</span> <span class='ocrx_word' id='word_1_59' title='bbox 425 571 487 597; x_wconf 89' lang='lat' dir='ltr'>me</span> <span class='ocrx_word' id='word_1_60' title='bbox 514 560 778 598; x_wconf 83' lang='lat' dir='ltr'>benevolentia</span> <span class='ocrx_word' id='word_1_61' title='bbox 811 567 848 598; x_wconf 90' lang='lat' dir='ltr'>et</span> <span class='ocrx_word' id='word_1_62' title='bbox 872 560 1000 598; x_wconf 83' lang='lat' dir='ltr'>divino</span> <span class='ocrx_word' id='word_1_63' title='bbox 1030 559 1155 598; x_wconf 90' lang='lat' dir='ltr'>studio</span> <span class='ocrx_word' id='word_1_64' title='bbox 1183 557 1337 597; x_wconf 83' lang='lat' dir='ltr'>exstite-</span> 
     </span>
     <span class='ocr_line' id='line_1_10' title="bbox 220 612 1338 664; baseline 0.002 -17"><span class='ocrx_word' id='word_1_65' title='bbox 220 617 334 648; x_wconf 89' lang='lat' dir='ltr'>runt:</span> <span class='ocrx_word' id='word_1_66' title='bbox 365 612 575 664; x_wconf 88' lang='lat' dir='ltr'>eodemque</span> <span class='ocrx_word' id='word_1_67' title='bbox 604 613 649 651; x_wconf 92' lang='lat' dir='ltr'>P.</span> <span class='ocrx_word' id='word_1_68' title='bbox 671 613 839 652; x_wconf 86' lang='lat' dir='ltr'>Lentulo</span> <span class='ocrx_word' id='word_1_69' title='bbox 864 621 1028 662; x_wconf 90' lang='lat' dir='ltr'>auctore,</span> <span class='ocrx_word' id='word_1_70' title='bbox 1058 620 1095 651; x_wconf 93' lang='lat' dir='ltr'>et</span> <span class='ocrx_word' id='word_1_71' title='bbox 1121 612 1262 664; x_wconf 87' lang='lat' dir='ltr'>pariter</span> <span class='ocrx_word' id='word_1_72' title='bbox 1279 624 1338 649; x_wconf 88' lang='lat' dir='ltr'>re-</span> 
     </span>
     <span class='ocr_line' id='line_1_11' title="bbox 220 662 1338 717; baseline 0.003 -17"><span class='ocrx_word' id='word_1_73' title='bbox 220 662 362 702; x_wconf 87' lang='lat' dir='ltr'>ferente</span> <span class='ocrx_word' id='word_1_74' title='bbox 382 666 541 717; x_wconf 78' lang='lat' dir='ltr'>collega,</span> <span class='ocrx_word' id='word_1_75' title='bbox 562 666 891 717; x_wconf 87' lang='lat' dir='ltr'>frequentissimus</span> <span class='ocrx_word' id='word_1_76' title='bbox 909 674 1077 715; x_wconf 88' lang='lat' dir='ltr'>senatus,</span> <span class='ocrx_word' id='word_1_77' title='bbox 1097 678 1176 704; x_wconf 92' lang='lat' dir='ltr'>uno</span> <span class='ocrx_word' id='word_1_78' title='bbox 1193 665 1338 704; x_wconf 85' lang='lat' dir='ltr'>dissen-</span> 
     </span>
     <span class='ocr_line' id='line_1_12' title="bbox 222 715 1340 780; baseline 0.003 -27"><span class='ocrx_word' id='word_1_79' title='bbox 222 715 352 765; x_wconf 85' lang='lat' dir='ltr'>tiente,</span> <span class='ocrx_word' id='word_1_80' title='bbox 382 719 490 757; x_wconf 89' lang='lat' dir='ltr'>nullo</span> <span class='ocrx_word' id='word_1_81' title='bbox 507 720 775 768; x_wconf 82' lang='lat' dir='ltr'>intercedente,</span> <span class='ocrx_word' id='word_1_82' title='bbox 796 720 1019 771; x_wconf 83' lang='lat' dir='ltr'>dignitatem</span> <span class='ocrx_word' id='word_1_83' title='bbox 1037 732 1179 767; x_wconf 90' lang='lat' dir='ltr'>meam,</span> <span class='ocrx_word' id='word_1_84' title='bbox 1199 719 1340 780; x_wconf 74' lang='lat' dir='ltr'>quibus</span> 
     </span>
     <span class='ocr_line' id='line_1_13' title="bbox 223 770 1337 824; baseline 0.004 -18"><span class='ocrx_word' id='word_1_85' title='bbox 223 770 361 820; x_wconf 89' lang='lat' dir='ltr'>potuit,</span> <span class='ocrx_word' id='word_1_86' title='bbox 389 773 512 811; x_wconf 84' lang='lat' dir='ltr'>verbis</span> <span class='ocrx_word' id='word_1_87' title='bbox 542 773 785 824; x_wconf 87' lang='lat' dir='ltr'>amplissimis</span> <span class='ocrx_word' id='word_1_88' title='bbox 819 774 993 819; x_wconf 79' lang='lat' dir='ltr'>ornavit3</span> <span class='ocrx_word' id='word_1_89' title='bbox 1023 774 1186 811; x_wconf 89' lang='lat' dir='ltr'>salutem</span> <span class='ocrx_word' id='word_1_90' title='bbox 1216 772 1337 820; x_wconf 79' lang='lat' dir='ltr'>vobis,</span> 
     </span>
     <span class='ocr_line' id='line_1_14' title="bbox 224 824 1231 878; baseline 0.004 -18"><span class='ocrx_word' id='word_1_91' title='bbox 224 824 459 876; x_wconf 87' lang='lat' dir='ltr'>municipiis,</span> <span class='ocrx_word' id='word_1_92' title='bbox 478 826 709 878; x_wconf 88' lang='lat' dir='ltr'>coloniisque</span> <span class='ocrx_word' id='word_1_93' title='bbox 727 827 920 874; x_wconf 87' lang='lat' dir='ltr'>omnibus,</span> <span class='ocrx_word' id='word_1_94' title='bbox 940 826 1231 866; x_wconf 90' lang='lat' dir='ltr'>commendavit.</span> 
     </span>
    </p>

    <p class='ocr_par' dir='ltr' id='par_1_3' title="bbox 222 877 1342 1290">
     <span class='ocr_line' id='line_1_15' title="bbox 277 877 1341 932; baseline 0.002 -17"><span class='ocrx_word' id='word_1_95' title='bbox 277 877 341 915; x_wconf 87' lang='lat' dir='ltr'>Ita</span> <span class='ocrx_word' id='word_1_96' title='bbox 371 891 448 927; x_wconf 90' lang='lat' dir='ltr'>me,</span> <span class='ocrx_word' id='word_1_97' title='bbox 480 880 629 917; x_wconf 90' lang='lat' dir='ltr'>nudum</span> <span class='ocrx_word' id='word_1_98' title='bbox 659 894 682 918; x_wconf 89' lang='lat' dir='ltr'>a</span> <span class='ocrx_word' id='word_1_99' title='bbox 705 880 946 932; x_wconf 79' lang='lat' dir='ltr'>propinquis,</span> <span class='ocrx_word' id='word_1_100' title='bbox 979 880 1089 918; x_wconf 86' lang='lat' dir='ltr'>nulla</span> <span class='ocrx_word' id='word_1_101' title='bbox 1120 879 1341 930; x_wconf 85' lang='lat' dir='ltr'>cognatione</span> 
     </span>
     <span class='ocr_line' id='line_1_16' title="bbox 223 931 1339 985; baseline 0.003 -17"><span class='ocrx_word' id='word_1_102' title='bbox 223 931 434 979; x_wconf 87' lang='lat' dir='ltr'>munitum,</span> <span class='ocrx_word' id='word_1_103' title='bbox 448 933 634 981; x_wconf 90' lang='lat' dir='ltr'>consules,</span> <span class='ocrx_word' id='word_1_104' title='bbox 654 941 847 985; x_wconf 87' lang='lat' dir='ltr'>praetores,</span> <span class='ocrx_word' id='word_1_105' title='bbox 867 934 1012 972; x_wconf 88' lang='lat' dir='ltr'>tribuni</span> <span class='ocrx_word' id='word_1_106' title='bbox 1023 933 1157 985; x_wconf 88' lang='lat' dir='ltr'>plebis,</span> <span class='ocrx_word' id='word_1_107' title='bbox 1171 940 1339 981; x_wconf 86' lang='lat' dir='ltr'>senatus,</span> 
     </span>
     <span class='ocr_line' id='line_1_17' title="bbox 225 983 1342 1039; baseline 0.002 -17"><span class='ocrx_word' id='word_1_108' title='bbox 225 983 340 1022; x_wconf 84' lang='lat' dir='ltr'>Italia</span> <span class='ocrx_word' id='word_1_109' title='bbox 359 993 508 1034; x_wconf 88' lang='lat' dir='ltr'>cuncta,</span> <span class='ocrx_word' id='word_1_110' title='bbox 529 998 677 1038; x_wconf 89' lang='lat' dir='ltr'>semper</span> <span class='ocrx_word' id='word_1_111' title='bbox 696 1001 719 1025; x_wconf 87' lang='lat' dir='ltr'>a</span> <span class='ocrx_word' id='word_1_112' title='bbox 737 987 843 1026; x_wconf 87' lang='lat' dir='ltr'>vobis</span> <span class='ocrx_word' id='word_1_113' title='bbox 861 987 1058 1039; x_wconf 86' lang='lat' dir='ltr'>deprecata</span> <span class='ocrx_word' id='word_1_114' title='bbox 1077 994 1155 1025; x_wconf 92' lang='lat' dir='ltr'>est.</span> <span class='ocrx_word' id='word_1_115' title='bbox 1176 985 1342 1038; x_wconf 83' lang='lat' dir='ltr'>denique</span> 
     </span>
     <span class='ocr_line' id='line_1_18' title="bbox 222 1040 1342 1091; baseline 0.003 -16"><span class='ocrx_word' id='word_1_116' title='bbox 222 1050 369 1088; x_wconf 89' lang='lat' dir='ltr'>omnes,</span> <span class='ocrx_word' id='word_1_117' title='bbox 400 1040 468 1091; x_wconf 90' lang='lat' dir='ltr'>qui</span> <span class='ocrx_word' id='word_1_118' title='bbox 498 1040 630 1079; x_wconf 89' lang='lat' dir='ltr'>vestris</span> <span class='ocrx_word' id='word_1_119' title='bbox 653 1041 833 1079; x_wconf 84' lang='lat' dir='ltr'>maximis</span> <span class='ocrx_word' id='word_1_120' title='bbox 851 1041 1042 1079; x_wconf 90' lang='lat' dir='ltr'>beneficiis</span> <span class='ocrx_word' id='word_1_121' title='bbox 1058 1040 1342 1091; x_wconf 89' lang='lat' dir='ltr'>honoribusque</span> 
     </span>
     <span class='ocr_line' id='line_1_19' title="bbox 223 1093 1341 1145; baseline 0.002 -16"><span class='ocrx_word' id='word_1_122' title='bbox 223 1098 315 1129; x_wconf 87' lang='lat' dir='ltr'>sunt</span> <span class='ocrx_word' id='word_1_123' title='bbox 333 1093 470 1142; x_wconf 89' lang='lat' dir='ltr'>ornati,</span> <span class='ocrx_word' id='word_1_124' title='bbox 490 1093 665 1145; x_wconf 87' lang='lat' dir='ltr'>producti</span> <span class='ocrx_word' id='word_1_125' title='bbox 692 1094 742 1132; x_wconf 90' lang='lat' dir='ltr'>ad</span> <span class='ocrx_word' id='word_1_126' title='bbox 769 1107 835 1133; x_wconf 90' lang='lat' dir='ltr'>vos</span> <span class='ocrx_word' id='word_1_127' title='bbox 857 1097 905 1133; x_wconf 89' lang='lat' dir='ltr'>ab</span> <span class='ocrx_word' id='word_1_128' title='bbox 935 1094 1082 1142; x_wconf 84' lang='lat' dir='ltr'>eodem,</span> <span class='ocrx_word' id='word_1_129' title='bbox 1111 1106 1187 1132; x_wconf 92' lang='lat' dir='ltr'>non</span> <span class='ocrx_word' id='word_1_130' title='bbox 1215 1093 1341 1132; x_wconf 88' lang='lat' dir='ltr'>solum</span> 
     </span>
     <span class='ocr_line' id='line_1_20' title="bbox 225 1145 1341 1195; baseline 0.003 -12"><span class='ocrx_word' id='word_1_131' title='bbox 225 1145 275 1183; x_wconf 86' lang='lat' dir='ltr'>ad</span> <span class='ocrx_word' id='word_1_132' title='bbox 293 1158 356 1184; x_wconf 89' lang='lat' dir='ltr'>me</span> <span class='ocrx_word' id='word_1_133' title='bbox 374 1147 673 1185; x_wconf 87' lang='lat' dir='ltr'>conservandum</span> <span class='ocrx_word' id='word_1_134' title='bbox 703 1161 769 1186; x_wconf 91' lang='lat' dir='ltr'>vos</span> <span class='ocrx_word' id='word_1_135' title='bbox 799 1148 982 1187; x_wconf 90' lang='lat' dir='ltr'>cohortati</span> <span class='ocrx_word' id='word_1_136' title='bbox 1010 1154 1112 1195; x_wconf 91' lang='lat' dir='ltr'>sunt,</span> <span class='ocrx_word' id='word_1_137' title='bbox 1132 1147 1198 1186; x_wconf 91' lang='lat' dir='ltr'>sed</span> <span class='ocrx_word' id='word_1_138' title='bbox 1226 1147 1341 1186; x_wconf 88' lang='lat' dir='ltr'>etiam</span> 
     </span>
     <span class='ocr_line' id='line_1_21' title="bbox 225 1200 1342 1252; baseline 0.003 -16"><span class='ocrx_word' id='word_1_139' title='bbox 225 1211 354 1236; x_wconf 88' lang='lat' dir='ltr'>rerum</span> <span class='ocrx_word' id='word_1_140' title='bbox 373 1212 547 1238; x_wconf 87' lang='lat' dir='ltr'>mearum</span> <span class='ocrx_word' id='word_1_141' title='bbox 565 1208 759 1252; x_wconf 87' lang='lat' dir='ltr'>gestarum</span> <span class='ocrx_word' id='word_1_142' title='bbox 778 1209 962 1251; x_wconf 86' lang='lat' dir='ltr'>auctores,</span> <span class='ocrx_word' id='word_1_143' title='bbox 982 1208 1107 1248; x_wconf 85' lang='lat' dir='ltr'>testes,</span> <span class='ocrx_word' id='word_1_144' title='bbox 1127 1200 1342 1239; x_wconf 73' lang='lat' dir='ltr'>laudatores</span> 
     </span>
     <span class='ocr_line' id='line_1_22' title="bbox 229 1251 397 1290; baseline 0 0"><span class='ocrx_word' id='word_1_145' title='bbox 229 1251 397 1290; x_wconf 85' lang='lat' dir='ltr'>fuerunt.</span> 
     </span>
    </p>

    <p class='ocr_par' dir='ltr' id='par_1_4' title="bbox 226 1306 1351 2094">
     <span class='ocr_line' id='line_1_23' title="bbox 282 1306 1343 1368; baseline 0.002 -24"><span class='ocrx_word' id='word_1_146' title='bbox 282 1306 384 1345; x_wconf 90' lang='lat' dir='ltr'><strong>VII.</strong></span> <span class='ocrx_word' id='word_1_147' title='bbox 415 1306 595 1355; x_wconf 89' lang='lat' dir='ltr'>Quorum</span> <span class='ocrx_word' id='word_1_148' title='bbox 614 1307 789 1360; x_wconf 86' lang='lat' dir='ltr'>princeps</span> <span class='ocrx_word' id='word_1_149' title='bbox 803 1307 853 1347; x_wconf 93' lang='lat' dir='ltr'>ad</span> <span class='ocrx_word' id='word_1_150' title='bbox 871 1307 1119 1348; x_wconf 85' lang='lat' dir='ltr'>cohortandos</span> <span class='ocrx_word' id='word_1_151' title='bbox 1137 1320 1222 1368; x_wconf 67' lang='lat' dir='ltr'>vos,</span> <span class='ocrx_word' id='word_1_152' title='bbox 1239 1314 1277 1346; x_wconf 92' lang='lat' dir='ltr'>et</span> <span class='ocrx_word' id='word_1_153' title='bbox 1294 1307 1343 1346; x_wconf 84' lang='lat' dir='ltr'>ad</span> 
     </span>
     <span class='ocr_line' id='line_1_24' title="bbox 227 1360 1343 1423; baseline 0.002 -26"><span class='ocrx_word' id='word_1_154' title='bbox 227 1360 429 1410; x_wconf 86' lang='lat' dir='ltr'>rogandos,</span> <span class='ocrx_word' id='word_1_155' title='bbox 449 1360 524 1398; x_wconf 89' lang='lat' dir='ltr'>fuit</span> <span class='ocrx_word' id='word_1_156' title='bbox 543 1361 615 1399; x_wconf 91' lang='lat' dir='ltr'>Cn.</span> <span class='ocrx_word' id='word_1_157' title='bbox 638 1362 858 1423; x_wconf 77' lang='lat' dir='ltr'>Pompeius,</span> <span class='ocrx_word' id='word_1_158' title='bbox 876 1363 933 1400; x_wconf 90' lang='lat' dir='ltr'>vir</span> <span class='ocrx_word' id='word_1_159' title='bbox 951 1361 1141 1410; x_wconf 89' lang='lat' dir='ltr'>omnium,</span> <span class='ocrx_word' id='word_1_160' title='bbox 1157 1361 1225 1412; x_wconf 91' lang='lat' dir='ltr'>qui</span> <span class='ocrx_word' id='word_1_161' title='bbox 1239 1370 1343 1410; x_wconf 81' lang='lat' dir='ltr'>sunt,</span> 
     </span>
     <span class='ocr_line' id='line_1_25' title="bbox 227 1412 1344 1477; baseline 0.002 -27"><span class='ocrx_word' id='word_1_162' title='bbox 227 1412 396 1461; x_wconf 85' lang='lat' dir='ltr'>fuerunt,</span> <span class='ocrx_word' id='word_1_163' title='bbox 417 1421 542 1462; x_wconf 85' lang='lat' dir='ltr'>erunt,</span> <span class='ocrx_word' id='word_1_164' title='bbox 574 1414 728 1464; x_wconf 87' lang='lat' dir='ltr'>virtute,</span> <span class='ocrx_word' id='word_1_165' title='bbox 760 1416 959 1477; x_wconf 81' lang='lat' dir='ltr'>sapientia,</span> <span class='ocrx_word' id='word_1_166' title='bbox 993 1428 1036 1454; x_wconf 88' lang='lat' dir='ltr'>ac</span> <span class='ocrx_word' id='word_1_167' title='bbox 1067 1415 1203 1467; x_wconf 86' lang='lat' dir='ltr'>gloria,</span> <span class='ocrx_word' id='word_1_168' title='bbox 1237 1415 1344 1475; x_wconf 76' lang='lat' dir='ltr'>prin-</span> 
     </span>
     <span class='ocr_line' id='line_1_26' title="bbox 226 1443 1344 1520; baseline 0.003 -16"><span class='ocrx_word' id='word_1_169' title='bbox 226 1479 339 1517; x_wconf 85' lang='lat' dir='ltr'>ceps;</span> <span class='ocrx_word' id='word_1_170' title='bbox 361 1467 428 1518; x_wconf 91' lang='lat' dir='ltr'>qui</span> <span class='ocrx_word' id='word_1_171' title='bbox 446 1443 544 1505; x_wconf 85' lang='lat' dir='ltr'>mihi</span> <span class='ocrx_word' id='word_1_172' title='bbox 561 1480 662 1506; x_wconf 88' lang='lat' dir='ltr'>unus</span> <span class='ocrx_word' id='word_1_173' title='bbox 682 1469 750 1506; x_wconf 91' lang='lat' dir='ltr'>uni</span> <span class='ocrx_word' id='word_1_174' title='bbox 769 1470 917 1520; x_wconf 90' lang='lat' dir='ltr'>privato</span> <span class='ocrx_word' id='word_1_175' title='bbox 936 1469 1058 1508; x_wconf 87' lang='lat' dir='ltr'>amico</span> <span class='ocrx_word' id='word_1_176' title='bbox 1071 1468 1203 1507; x_wconf 85' lang='lat' dir='ltr'>eadem</span> <span class='ocrx_word' id='word_1_177' title='bbox 1214 1468 1344 1507; x_wconf 86' lang='lat' dir='ltr'>omnia</span> 
     </span>
     <span class='ocr_line' id='line_1_27' title="bbox 227 1519 1344 1574; baseline 0.004 -17"><span class='ocrx_word' id='word_1_178' title='bbox 227 1519 345 1566; x_wconf 83' lang='lat' dir='ltr'>dedit,</span> <span class='ocrx_word' id='word_1_179' title='bbox 367 1534 453 1571; x_wconf 87' lang='lat' dir='ltr'>quae</span> <span class='ocrx_word' id='word_1_180' title='bbox 471 1521 656 1560; x_wconf 88' lang='lat' dir='ltr'>universae</span> <span class='ocrx_word' id='word_1_181' title='bbox 674 1523 905 1574; x_wconf 88' lang='lat' dir='ltr'>reipublicae,</span> <span class='ocrx_word' id='word_1_182' title='bbox 922 1523 1097 1569; x_wconf 88' lang='lat' dir='ltr'>salutem,</span> <span class='ocrx_word' id='word_1_183' title='bbox 1110 1522 1246 1570; x_wconf 87' lang='lat' dir='ltr'>otium,</span> <span class='ocrx_word' id='word_1_184' title='bbox 1259 1522 1344 1573; x_wconf 65' lang='lat' dir='ltr'>dio·</span> 
     </span>
     <span class='ocr_line' id='line_1_28' title="bbox 229 1573 1342 1637; baseline 0.003 -26"><span class='ocrx_word' id='word_1_185' title='bbox 229 1573 400 1612; x_wconf 86' lang='lat' dir='ltr'>nitatem.</span> <span class='ocrx_word' id='word_1_186' title='bbox 431 1574 554 1624; x_wconf 87' lang='lat' dir='ltr'>Cujus</span> <span class='ocrx_word' id='word_1_187' title='bbox 580 1576 698 1614; x_wconf 89' lang='lat' dir='ltr'>oratio</span> <span class='ocrx_word' id='word_1_188' title='bbox 728 1576 815 1624; x_wconf 88' lang='lat' dir='ltr'>fuit,</span> <span class='ocrx_word' id='word_1_189' title='bbox 847 1575 1172 1637; x_wconf 78' lang='lat' dir='ltr'>quemadmodum</span> <span class='ocrx_word' id='word_1_190' title='bbox 1201 1575 1342 1627; x_wconf 88' lang='lat' dir='ltr'>accepi,</span> 
     </span>
     <span class='ocr_line' id='line_1_29' title="bbox 232 1627 1344 1679; baseline 0.002 -15"><span class='ocrx_word' id='word_1_191' title='bbox 232 1627 440 1678; x_wconf 89' lang='lat' dir='ltr'>tripertita·</span> <span class='ocrx_word' id='word_1_192' title='bbox 471 1627 643 1679; x_wconf 90' lang='lat' dir='ltr'>primum</span> <span class='ocrx_word' id='word_1_193' title='bbox 671 1642 737 1668; x_wconf 89' lang='lat' dir='ltr'>vos</span> <span class='ocrx_word' id='word_1_194' title='bbox 769 1630 911 1679; x_wconf 87' lang='lat' dir='ltr'>docuit,</span> <span class='ocrx_word' id='word_1_195' title='bbox 933 1630 1028 1668; x_wconf 90' lang='lat' dir='ltr'>meis</span> <span class='ocrx_word' id='word_1_196' title='bbox 1055 1629 1219 1668; x_wconf 89' lang='lat' dir='ltr'>consiliis</span> <span class='ocrx_word' id='word_1_197' title='bbox 1244 1641 1344 1667; x_wconf 88' lang='lat' dir='ltr'>rem-</span> 
     </span>
     <span class='ocr_line' id='line_1_30' title="bbox 230 1681 1343 1744; baseline 0.003 -26"><span class='ocrx_word' id='word_1_198' title='bbox 230 1681 424 1742; x_wconf 85' lang='lat' dir='ltr'>publicam</span> <span class='ocrx_word' id='word_1_199' title='bbox 462 1694 543 1719; x_wconf 90' lang='lat' dir='ltr'>esse</span> <span class='ocrx_word' id='word_1_200' title='bbox 585 1691 785 1744; x_wconf 81' lang='lat' dir='ltr'>servatam,</span> <span class='ocrx_word' id='word_1_201' title='bbox 827 1696 1056 1735; x_wconf 87' lang='lat' dir='ltr'>causamque</span> <span class='ocrx_word' id='word_1_202' title='bbox 1091 1695 1218 1721; x_wconf 82' lang='lat' dir='ltr'>meam</span> <span class='ocrx_word' id='word_1_203' title='bbox 1255 1695 1343 1721; x_wconf 91' lang='lat' dir='ltr'>cum</span> 
     </span>
     <span class='ocr_line' id='line_1_31' title="bbox 231 1735 1345 1798; baseline 0.002 -26"><span class='ocrx_word' id='word_1_204' title='bbox 231 1735 427 1772; x_wconf 81' lang='lat' dir='ltr'>communi</span> <span class='ocrx_word' id='word_1_205' title='bbox 445 1736 566 1773; x_wconf 89' lang='lat' dir='ltr'>salute</span> <span class='ocrx_word' id='word_1_206' title='bbox 584 1737 810 1786; x_wconf 81' lang='lat' dir='ltr'>conjunxit3</span> <span class='ocrx_word' id='word_1_207' title='bbox 840 1737 1089 1798; x_wconf 78' lang='lat' dir='ltr'>hortatusque</span> <span class='ocrx_word' id='word_1_208' title='bbox 1107 1743 1176 1785; x_wconf 84' lang='lat' dir='ltr'>est,</span> <span class='ocrx_word' id='word_1_209' title='bbox 1196 1743 1241 1774; x_wconf 91' lang='lat' dir='ltr'>ut</span> <span class='ocrx_word' id='word_1_210' title='bbox 1255 1748 1345 1774; x_wconf 82' lang='lat' dir='ltr'>auc·-</span> 
     </span>
     <span class='ocr_line' id='line_1_32' title="bbox 230 1788 1344 1838; baseline 0.003 -13"><span class='ocrx_word' id='word_1_211' title='bbox 230 1788 421 1826; x_wconf 88' lang='lat' dir='ltr'>toritatem</span> <span class='ocrx_word' id='word_1_212' title='bbox 457 1792 623 1838; x_wconf 87' lang='lat' dir='ltr'>senatus,</span> <span class='ocrx_word' id='word_1_213' title='bbox 663 1798 805 1829; x_wconf 86' lang='lat' dir='ltr'>statum</span> <span class='ocrx_word' id='word_1_214' title='bbox 838 1791 1013 1838; x_wconf 82' lang='lat' dir='ltr'>civitatis,</span> <span class='ocrx_word' id='word_1_215' title='bbox 1051 1790 1223 1828; x_wconf 90' lang='lat' dir='ltr'>fortunas</span> <span class='ocrx_word' id='word_1_216' title='bbox 1252 1789 1344 1828; x_wconf 92' lang='lat' dir='ltr'>civis</span> 
     </span>
     <span class='ocr_line' id='line_1_33' title="bbox 231 1842 1344 1903; baseline 0.002 -24"><span class='ocrx_word' id='word_1_217' title='bbox 231 1842 328 1879; x_wconf 89' lang='lat' dir='ltr'>bene</span> <span class='ocrx_word' id='word_1_218' title='bbox 346 1842 487 1903; x_wconf 75' lang='lat' dir='ltr'>meriti,</span> <span class='ocrx_word' id='word_1_219' title='bbox 508 1842 782 1882; x_wconf 87' lang='lat' dir='ltr'>defenderetis:</span> <span class='ocrx_word' id='word_1_220' title='bbox 812 1852 897 1882; x_wconf 92' lang='lat' dir='ltr'>tum</span> <span class='ocrx_word' id='word_1_221' title='bbox 915 1845 955 1882; x_wconf 90' lang='lat' dir='ltr'>in</span> <span class='ocrx_word' id='word_1_222' title='bbox 974 1843 1184 1896; x_wconf 87' lang='lat' dir='ltr'>perorando</span> <span class='ocrx_word' id='word_1_223' title='bbox 1202 1843 1344 1895; x_wconf 84' lang='lat' dir='ltr'>posuit,</span> 
     </span>
     <span class='ocr_line' id='line_1_34' title="bbox 231 1896 1348 1962; baseline 0.002 -28"><span class='ocrx_word' id='word_1_224' title='bbox 231 1907 298 1934; x_wconf 87' lang='lat' dir='ltr'>vos</span> <span class='ocrx_word' id='word_1_225' title='bbox 317 1896 440 1956; x_wconf 82' lang='lat' dir='ltr'>rogari</span> <span class='ocrx_word' id='word_1_226' title='bbox 475 1909 498 1934; x_wconf 90' lang='lat' dir='ltr'>a</span> <span class='ocrx_word' id='word_1_227' title='bbox 520 1907 666 1945; x_wconf 88' lang='lat' dir='ltr'>senatu,</span> <span class='ocrx_word' id='word_1_228' title='bbox 698 1899 820 1962; x_wconf 87' lang='lat' dir='ltr'>rogari</span> <span class='ocrx_word' id='word_1_229' title='bbox 852 1900 900 1936; x_wconf 89' lang='lat' dir='ltr'>ab</span> <span class='ocrx_word' id='word_1_230' title='bbox 931 1898 1122 1958; x_wconf 86' lang='lat' dir='ltr'>equitibus</span> <span class='ocrx_word' id='word_1_231' title='bbox 1145 1896 1348 1945; x_wconf 81' lang='lat' dir='ltr'>Romanis,</span> 
     </span>
     <span class='ocr_line' id='line_1_35' title="bbox 233 1949 1351 2013; baseline 0.002 -27"><span class='ocrx_word' id='word_1_232' title='bbox 233 1949 357 1999; x_wconf 88' lang='lat' dir='ltr'>rogari</span> <span class='ocrx_word' id='word_1_233' title='bbox 375 1951 424 1988; x_wconf 89' lang='lat' dir='ltr'>ab</span> <span class='ocrx_word' id='word_1_234' title='bbox 444 1949 560 1988; x_wconf 86' lang='lat' dir='ltr'>Italia</span> <span class='ocrx_word' id='word_1_235' title='bbox 586 1950 744 1990; x_wconf 88' lang='lat' dir='ltr'>cuncta:</span> <span class='ocrx_word' id='word_1_236' title='bbox 775 1951 970 2013; x_wconf 86' lang='lat' dir='ltr'>denique</span> <span class='ocrx_word' id='word_1_237' title='bbox 961 1964 1043 2003; x_wconf 89' lang='lat' dir='ltr'>1pse</span> <span class='ocrx_word' id='word_1_238' title='bbox 1061 1951 1110 1989; x_wconf 89' lang='lat' dir='ltr'>ad</span> <span class='ocrx_word' id='word_1_239' title='bbox 1136 1958 1351 1989; x_wconf 87' lang='lat' dir='ltr'>extremum</span> 
     </span>
     <span class='ocr_line' id='line_1_36' title="bbox 233 2002 1350 2056; baseline 0.003 -17"><span class='ocrx_word' id='word_1_240' title='bbox 233 2015 303 2053; x_wconf 88' lang='lat' dir='ltr'>pro</span> <span class='ocrx_word' id='word_1_241' title='bbox 321 2002 409 2041; x_wconf 85' lang='lat' dir='ltr'>mea</span> <span class='ocrx_word' id='word_1_242' title='bbox 427 2016 494 2042; x_wconf 91' lang='lat' dir='ltr'>vos</span> <span class='ocrx_word' id='word_1_243' title='bbox 519 2004 640 2043; x_wconf 88' lang='lat' dir='ltr'>salute</span> <span class='ocrx_word' id='word_1_244' title='bbox 658 2018 735 2044; x_wconf 92' lang='lat' dir='ltr'>non</span> <span class='ocrx_word' id='word_1_245' title='bbox 752 2006 901 2056; x_wconf 87' lang='lat' dir='ltr'>rogavit</span> <span class='ocrx_word' id='word_1_246' title='bbox 922 2006 1062 2052; x_wconf 89' lang='lat' dir='ltr'>solum,</span> <span class='ocrx_word' id='word_1_247' title='bbox 1083 2017 1217 2043; x_wconf 91' lang='lat' dir='ltr'>verum</span> <span class='ocrx_word' id='word_1_248' title='bbox 1236 2003 1350 2043; x_wconf 85' lang='lat' dir='ltr'>etiam</span> 
     </span>
     <span class='ocr_line' id='line_1_37' title="bbox 237 2056 459 2094; baseline 0.005 -1"><span class='ocrx_word' id='word_1_249' title='bbox 237 2056 459 2094; x_wconf 88' lang='lat' dir='ltr'>obsecravit.</span> 
     </span>
    </p>

    <p class='ocr_par' dir='ltr' id='par_1_5' title="bbox 233 2109 1351 2215">
     <span class='ocr_line' id='line_1_38' title="bbox 290 2109 1350 2162; baseline 0.002 -16"><span class='ocrx_word' id='word_1_250' title='bbox 290 2109 396 2147; x_wconf 91' lang='lat' dir='ltr'>Huic</span> <span class='ocrx_word' id='word_1_251' title='bbox 413 2123 482 2161; x_wconf 86' lang='lat' dir='ltr'>ego</span> <span class='ocrx_word' id='word_1_252' title='bbox 505 2110 668 2160; x_wconf 87' lang='lat' dir='ltr'>homini,</span> <span class='ocrx_word' id='word_1_253' title='bbox 694 2112 882 2161; x_wconf 87' lang='lat' dir='ltr'>Quirites,</span> <span class='ocrx_word' id='word_1_254' title='bbox 904 2119 1055 2151; x_wconf 90' lang='lat' dir='ltr'>tantum</span> <span class='ocrx_word' id='word_1_255' title='bbox 1074 2112 1206 2156; x_wconf 73' lang='lat' dir='ltr'>debet),</span> <span class='ocrx_word' id='word_1_256' title='bbox 1227 2123 1350 2162; x_wconf 89' lang='lat' dir='ltr'>quan-</span> 
     </span>
     <span class='ocr_line' id='line_1_39' title="bbox 233 2163 1351 2215; baseline 0.001 -15"><span class='ocrx_word' id='word_1_257' title='bbox 233 2170 316 2200; x_wconf 86' lang='lat' dir='ltr'>tum</span> <span class='ocrx_word' id='word_1_258' title='bbox 354 2163 548 2203; x_wconf 90' lang='lat' dir='ltr'>hominem</span> <span class='ocrx_word' id='word_1_259' title='bbox 578 2166 724 2204; x_wconf 87' lang='lat' dir='ltr'>homini</span> <span class='ocrx_word' id='word_1_260' title='bbox 756 2167 892 2205; x_wconf 88' lang='lat' dir='ltr'>debere</span> <span class='ocrx_word' id='word_1_261' title='bbox 922 2166 986 2205; x_wconf 85' lang='lat' dir='ltr'>vix</span> <span class='ocrx_word' id='word_1_262' title='bbox 1008 2165 1065 2205; x_wconf 88' lang='lat' dir='ltr'>fas</span> <span class='ocrx_word' id='word_1_263' title='bbox 1096 2172 1162 2204; x_wconf 86' lang='lat' dir='ltr'>est.</span> <span class='ocrx_word' id='word_1_264' title='bbox 1220 2165 1351 2215; x_wconf 82' lang='lat' dir='ltr'>Hujus</span> 
     </span>
    </p>
   </div>
  </div>
 </body>
</html>
