1425 2334
269 71 380 112 PRO
410 71 580 111 DOMO
610 69 729 109 SL'A.
762 71 866 109 (Ἀπ’.
903 71 960 109 18.
1094 73 1165 110 145

65 179 195 226 honos,
216 191 345 241 quem·
349 178 526 230 dignitas,
547 190 660 230 quem
680 190 806 238 causa,
827 190 941 228 quem
959 179 1169 229 respublica

67 233 255 279 tuebatur,
287 234 396 282 cujus
422 232 584 282 denique
613 231 773 291 pecunia
804 243 879 267 non
910 234 1167 282 expetebatur,

66 285 126 323 cui
145 285 241 323 nihil
258 287 387 324 oberat
404 295 539 336 praeter
566 284 844 323 conversionem
873 288 988 322 status
1008 292 1044 322 et
1062 285 1169 323 incli-

66 338 257 376 nationem
276 338 538 377 communium
556 345 797 388 temporum;
827 336 920 388 quid
938 338 1091 375 tandem
1109 339 1170 376 fu-

65 397 197 429 turum
216 399 272 429 est
289 392 348 441 iis,
368 405 532 442 quorum
551 391 628 429 vita
646 398 789 429 remota
816 392 863 428 ab
889 390 1030 429 honore
1047 404 1171 442 popu-

65 444 135 481 lari
146 452 183 482 et
194 446 241 483 ab
259 445 330 483 hac
347 445 484 482 illustri
502 444 623 495 gratia
641 451 709 491 est,
723 443 891 494 pecuniae
910 452 1037 482 autem
1057 452 1172 482 tantae

66 505 168 545 sunt,
188 505 232 535 ut
257 510 318 536 eas
342 499 504 536 nimium
531 497 658 545 multi,
691 504 852 547 egentes,
885 497 1083 543 sumtuosi,
1104 510 1172 535 no-

66 550 173 599 biles,
193 552 481 612 concupiscant.
471 554 488 579 ⁹
518 551 619 589 Date
632 551 731 588 hanc
749 551 900 588 tribuno
919 551 1038 601 plebis
1056 551 1171 589 licen-

67 603 182 649 1131ος
214 613 251 642 01
268 604 469 643 intuemini
486 604 677 655 paulisper
696 603 831 641 animis
858 605 1113 652 juventutem,
1135 613 1171 642 et

67 669 128 695 eos
146 657 326 706 maxime,
347 658 414 709 qui
431 657 630 695 imminere
655 658 735 706 jam
766 656 970 707 cupiditate
997 657 1172 695 videntur

68 709 107 747 in
131 710 370 749 tribuniciam
393 718 638 762 potestatem:
669 710 825 760 collegia
850 710 1014 752 (medius
1041 711 1170 757 fidius)

66 764 305 801 tribunorum
323 764 443 815 plebis
461 772 540 801 tota
557 763 801 814 reperientur,
817 762 917 800 1100
903 777 988 811 Jure
1007 763 1170 811 firmato,

67 829 154 867 quae
182 821 314 855 coe'ant
342 817 389 855 de
418 817 619 854 hominum
650 815 1029 866 locupletissimorum
1048 818 1174 865 bonis,

68 870 196 920 praeda
213 870 420 920 praesertim
438 870 613 920 populari
632 876 669 906 et
687 882 752 919 spe
769 869 978 919 largitionis
995 870 1133 908 oblata.

121 923 179 960 At
196 923 289 973 quid
307 923 394 960 tulit
411 924 540 973 legum
569 922 724 972 scriptor
750 922 892 972 peritus
917 929 953 960 et
981 923 1139 961 callidus
1153 926 1171 961 ?

71 978 98 998 ‘⁶
119 976 270 1023 Velitis,
293 977 471 1025 jubeatis,
491 983 535 1013 ut
554 975 614 1012 M.
635 974 768 1012 Tullio
787 975 887 1025 aqua
905 983 942 1012 et
960 975 1040 1026 igni
1057 976 1172 1014 inter-

68 1029 213 1067 dicatur
225 1030 283 1068 ⁹³?
312 1029 488 1075 Crudele,
508 1029 709 1074 nefarium,
740 1040 787 1065 ne
818 1028 858 1064 in
892 1029 1174 1067 sceleratissimo

70 1082 224 1133 quidem
249 1082 321 1120 civi
350 1083 428 1120 sine
457 1081 599 1131 judicio
631 1081 841 1119 ferendum.
886 1081 977 1119 Non
1007 1083 1108 1128 tulit,
1129 1090 1173 1120 ut

68 1134 322 1173 interdicatur.
351 1134 459 1183 Quid
486 1136 604 1185 ergo?
635 1136 663 1156 ‘⁶
684 1135 740 1172 Ut
757 1134 998 1172 interdictum
1017 1135 1104 1172 511.”
1135 1137 1173 1175 Ο

68 1189 242 1226 coenum!
272 1200 296 1226 0
326 1188 568 1248 portentum!
606 1200 629 1225 0
654 1187 797 1225 scelus!
828 1186 925 1225 hanc
950 1188 1019 1225 tibi
1051 1189 1174 1239 legem

70 1241 226 1280 Clodius
254 1241 413 1302 scripsit,
438 1240 666 1292 spurciorem
699 1240 832 1290 lingua
860 1253 951 1278 sua.
943 1243 959 1268 ³
988 1248 1032 1278 ut
1060 1241 1175 1280 inter-

69 1295 215 1333 dictum
234 1295 295 1343 511,
326 1295 387 1333 001
412 1307 488 1332 non
521 1294 568 1332 sit
596 1293 865 1331 interdictum?
893 1295 1007 1332 Sexte
1034 1303 1172 1342 noster,

68 1348 170 1386 bona
188 1349 312 1395 venia,
333 1348 530 1400 (quoniam
546 1349 626 1396 jam
645 1347 859 1385 dialecticus
877 1360 929 1394 es,
945 1354 981 1384 et
992 1347 1063 1385 hoc
1081 1362 1175 1399 quo-

71 1414 146 1452 que
170 1402 338 1452 ligurris)
369 1401 474 1452 quod
502 1401 646 1438 factum
675 1412 752 1437 non
778 1407 845 1446 est,
875 1407 919 1438 ut
949 1400 996 1438 sit
1013 1400 1172 1449 factum,

71 1454 158 1492 ferri
177 1455 225 1493 ad
242 1455 444 1506 populum,
460 1461 527 1491 aut
540 1453 661 1491 verbis
679 1453 769 1491 ullis
787 1453 935 1513 sanciri,
955 1461 1021 1491 aut
1040 1455 1174 1493 suffra-

70 1508 142 1557 giis
160 1508 386 1555 confirmari,
406 1507 557 1559 potest?
586 1507 672 1544 Hoc
694 1513 737 1544 tu
756 1506 946 1557 scriptore,
966 1506 1037 1545 hoc
1055 1510 1174 1547 consi-

67 1560 188 1608 liario,
216 1560 288 1599 hoc
316 1561 501 1607 ministro,
525 1560 698 1598 omnium
727 1572 802 1597 non
834 1560 1016 1611 bipedum
1035 1561 1173 1609 solum,

72 1614 137 1651 sed
163 1614 276 1652 etiam
296 1613 620 1666 quadrupedum
609 1613 881 1663 impurissimo,
900 1615 1174 1664 rempublicam

70 1667 296 1718 perdidisti?
326 1667 464 1718 Neque
491 1674 533 1704 tu
561 1679 639 1704 eras
672 1674 751 1703 tam
777 1679 919 1713 excors,
939 1673 1094 1717 tamque
1112 1669 1178 1706 de-

72 1733 193 1765 mens,
226 1728 269 1758 ut
297 1720 470 1767 nescires,
499 1720 603 1757 hunc
633 1718 812 1757 Clodium
842 1732 934 1766 esse,
962 1720 1029 1770 qui
1047 1729 1176 1759 contra

69 1773 172 1824 leges
190 1773 351 1819 facerem
380 1773 486 1820 alios,
507 1773 574 1824 qui
591 1773 693 1822 leges
707 1772 864 1810 scribere
883 1773 1053 1810 solerent.
1100 1775 1175 1812 Sed

69 1839 192 1877 neque
210 1839 355 1873 eorum,
374 1839 497 1877 neque
514 1833 748 1873 caeterorum,
768 1825 807 1862 in
831 1825 970 1876 quibus
988 1833 1082 1864 esset
1106 1829 1176 1865 ali-

71 1879 165 1931 quid
183 1879 390 1926 modestiae,
409 1880 634 1930 cujusquam
653 1878 723 1916 tibi
746 1886 909 1929 potestas
927 1878 1024 1917 fuit:
1054 1891 1177 1931 neque

73 1941 114 1970 tu
151 1933 280 1992 legum
310 1932 552 1982 scriptoribus
580 1931 714 1969 iisdem
743 1931 899 1982 potuisti
934 1932 1006 1979 uti,
1040 1933 1178 1982 quibus

72 1986 208 2033 caeteri,
235 1997 358 2036 neque
376 1997 534 2036 operum
552 1985 790 2030 architectis,
821 1996 944 2035 neque
961 1986 1178 2035 pontificem

69 2039 263 2084 adhibere,
284 2051 400 2091 quem
416 2039 556 2083 velles;
586 2047 790 2089 postremo,
810 2049 857 2075 ne
877 2038 916 2074 in
934 2037 1051 2088 praed
1041 2052 1072 2075 0
1091 2040 1176 2089 qui-

71 2092 159 2130 dem
180 2092 353 2130 societate
371 2092 601 2143 mancipem,
621 2098 687 2129 aut
707 2090 913 2141 [praedem]
936 2090 1092 2136 socium,
1114 2105 1179 2129 ex-

72 2152 129 2182 tra
147 2153 300 2182 tuorum
323 2144 577 2195 gladiatorum
597 2157 814 2189 numerum,
836 2151 902 2181 aut
921 2143 1082 2194 denique
1101 2146 1179 2182 suf-

118 2200 270 2247 (Orat.)
295 2209 320 2234 v
327 2209 396 2237 οι.
420 2209 492 2236 111.
881 2207 906 2231 0
