1425 2334
359 102 470 140 PRO
499 101 721 139 SEX'rlo.
753 103 856 138 Car.
879 103 941 145 67.
1121 102 1194 138 321

100 214 267 245 auctores
298 215 335 244 et
364 214 637 245 conservatores
666 207 835 244 civitatis.
876 208 980 245 Huic
1004 207 1202 244 hominum

99 261 241 311 generi,
267 259 384 298 fateor
409 263 470 302 (ut
488 267 574 297 ante
592 259 688 305 dixi)
709 261 849 297 multos
873 260 1116 307 adversarios,
1145 262 1204 297 in-

99 313 243 359 imicos,
263 312 409 350 invidos
428 325 521 358 esse,
541 313 666 349 multa
690 313 847 363 proponi
867 313 1046 363 pericula,
1068 314 1207 351 multas

99 365 228 404 inferri
246 366 416 415 injurias,
438 378 594 416 magnos
619 379 696 403 esse
719 366 962 416 experiendos
987 373 1023 403 et
1041 368 1205 403 subeun-

98 418 166 456 dos
184 419 330 457 labores
345 433 355 456 :
386 419 450 457 sed
467 419 563 456 mihi
581 419 704 456 omnis
723 419 840 456 oratio
858 428 913 456 est
940 432 1026 456 cum
1054 419 1203 465 virtute,

99 483 176 510 non
194 485 283 510 curn
302 472 457 519 desidia,
477 485 564 509 cum
584 472 779 522 dignitate,
800 485 875 509 non
895 484 982 509 cum
1002 472 1206 521 voluptate,

100 537 189 562 cum
208 525 267 574 iis,
281 525 347 577 qui
366 538 406 563 se
423 525 567 576 patriae,
581 526 648 576 qui
663 525 739 563 suis
754 525 910 572 civibus,
927 525 993 576 qui
1011 525 1128 571 laudi,
1143 526 1209 576 qui

100 579 244 628 gloriae,
270 591 346 616 non
366 579 432 630 qui
451 591 596 625 somno,
624 585 661 616 et
679 579 870 625 conviviis,
898 585 934 616 et
958 578 1207 624 delectationi,

102 639 210 669 natos
228 632 467 670 arbitrantur.
509 632 628 678 Nam,
655 632 686 669 si
705 632 772 682 qui
791 631 1045 682 voluptatibus
1064 631 1209 668 ducun-

101 692 178 731 tur,
198 692 235 722 et
249 698 287 723 se
301 684 477 723 vitiorum
495 684 678 722 illecebris
697 692 733 722 et
751 685 1001 735 cupiditatum
1017 685 1210 722 lenociniis

102 737 352 783 dediderunt;
391 739 524 776 missos
556 738 695 775 faciant
726 738 907 775 honores:
948 750 996 775 ne
1024 737 1212 788 attingant

106 803 186 828 rem
203 791 422 842 publicam:
456 791 650 842 patiantur
672 791 768 828 viros
788 791 900 828 fortes
919 791 1059 835 labore,
1085 804 1123 828 se
1137 792 1213 828 otio

101 857 184 889 suo,
217 844 371 895 perfrui.
419 844 500 891 Qui
529 851 657 881 autem
688 845 826 881 bonam
853 844 996 881 famam
1026 845 1209 880 bonorum

103 900 207 948 (quae
226 898 304 935 sola
322 910 406 935 vere
425 897 544 948 gloria
562 896 748 934 nominari
767 904 904 947 potest)
918 903 1112 947 expetunt,
1129 897 1211 934 aliis

102 950 224 987 otium
244 963 410 1001 quaerere
424 951 560 988 debent
575 957 611 987 et
625 951 847 1000 voluptates,
862 963 935 987 non
950 950 1032 986 sibi.
1063 950 1210 986 Sudan-

102 1002 196 1040 dum
223 1013 278 1041 est
308 1004 366 1041 his
390 1017 458 1054 pro
487 1003 753 1041 communibus
780 1003 1000 1049 commodis,
1029 1002 1212 1040 adeundae

104 1056 323 1103 inimicitiae,
334 1058 449 1094 subeu
455 1057 539 1094 ndae
554 1070 652 1107 saepe
662 1069 730 1106 pro
745 1056 938 1107 republica
951 1063 1186 1106 tempestates
1200 1071 1209 1092 :

103 1121 190 1146 cum
203 1109 341 1147 *multis
360 1110 577 1156 audaeibus,
595 1110 790 1160 improbis,
804 1121 1080 1159 nonnunquam
1097 1108 1210 1146 etiam

105 1163 333 1212 potentibus,
354 1163 626 1201 dimicandum.

160 1215 255 1254 Haec
283 1216 497 1254 audivimus
520 1215 566 1253 de
591 1216 883 1254 clarissimorum
903 1215 1068 1253 virorum
1092 1214 1212 1253 consi-

106 1269 166 1307 1115
184 1276 221 1307 et
237 1269 370 1307 factis:
400 1269 481 1307 haec
499 1269 739 1321 aceepimus3
768 1268 849 1306 haec
856 1269 1041 1333 legimus.
1073 1269 1210 1318 Neque

105 1335 168 1360 eos
186 1322 225 1359 in
236 1322 349 1360 laude
362 1322 502 1373 positos
514 1322 699 1369 videmus,
714 1322 780 1372 qui
792 1322 997 1359 incitarunt
1010 1320 1214 1371 aliquando

106 1375 239 1427 populi
258 1375 404 1414 animos
422 1376 471 1413 ad
492 1375 726 1422 seditionem,
753 1383 819 1412 aut
843 1375 910 1426 qui
928 1374 1124 1425 largitione
1144 1388 1214 1411 cae-

106 1428 240 1466 cal-unt
257 1436 401 1467 mentes
422 1429 698 1480 imperitorum,
725 1435 792 1465 aut
813 1429 880 1479 qui
907 1428 1019 1465 fortes
1043 1435 1079 1464 et
1097 1428 1213 1464 claros

107 1481 218 1529 viros,
239 1488 276 1520 et
300 1484 396 1520 bene
414 1481 460 1520 de
485 1482 676 1533 republica
700 1481 865 1528 meritos,
885 1482 924 1518 in
943 1480 1125 1518 invidiam
1145 1480 1213 1517 ali-

106 1547 225 1585 quam
239 1543 476 1574 vocaverunt.
506 1536 627 1573 Leves
645 1536 714 1573 hos
729 1547 876 1595 semper
893 1534 1009 1572 nostri
1028 1533 1212 1578 homines,

109 1595 147 1625 et
164 1587 338 1634 audaces,
358 1596 395 1626 et
408 1589 528 1627 malos
547 1596 584 1626 et
601 1588 824 1640 perniciosos
842 1588 952 1634 cives,
973 1593 1212 1638 putaverunt.

108 1641 167 1678 At
180 1654 280 1688 vero,
293 1642 361 1692 qui
377 1642 514 1680 horum
534 1642 699 1693 impetus
718 1649 754 1679 et
769 1648 923 1679 conatus
935 1654 1018 1691 repr
1021 1646 1211 1681 esserunt;

108 1693 176 1744 qui
187 1694 418 1744 auctoritate,
438 1695 505 1746 qui
519 1695 607 1743 fide,
623 1695 690 1746 qui
703 1695 923 1741 constantia,
939 1693 1005 1744 qui
1024 1692 1215 1753 magnitu-

110 1746 198 1785 dine
216 1747 347 1794 animi,
368 1747 530 1786 consiliis
549 1748 749 1785 audacium
770 1748 1009 1790 restiterunt3
1029 1746 1056 1783 ii
1070 1757 1215 1795 graves,

113 1800 141 1837 11
153 1799 354 1851 principeS,
373 1801 401 1837 ii
419 1801 568 1847 duces,
558 1801 586 1838 1i
604 1809 772 1839 auctores
784 1801 899 1849 hujus
911 1799 1066 1846 ordinis,
1080 1805 1117 1835 et
1135 1797 1218 1846 dig-

113 1853 255 1899 nitatis,
275 1861 389 1904 atque
401 1854 563 1904 imperii,
584 1866 731 1904 semper
748 1854 869 1891 habiti
888 1860 987 1890 sunt.

164 1905 346 1943 LXVII.
375 1908 450 1954 Ac,
479 1919 528 1945 ne
555 1907 654 1957 quis,
681 1920 727 1944 ex
755 1915 880 1944 nostro
908 1913 974 1942 aut
1001 1904 1216 1953 aliquorum

111 1966 291 2009 praeterea
308 1971 411 2008 casu,
430 1959 528 1997 hanc
547 1960 632 1998 vitae
651 1960 751 1997 viam
771 1959 1030 2009 pertimescat,
1061 1967 1159 1992 unus
1179 1955 1215 1991 in

112 2011 183 2049 hac
201 2011 363 2059 civitate,
389 2024 505 2062 quem
531 2013 685 2071 quidem
712 2025 781 2062 ego
805 2010 945 2061 possim
970 2009 1104 2052 dicere,
1123 2021 1218 2058 pra·-

114 2064 212 2101 clare
227 2064 283 2101 vir
301 2063 348 2101 de
366 2063 560 2115 republica
573 2065 744 2111 meritus,
766 2064 812 2100 11.
827 2061 1022 2113 Opimius,
1038 2060 1221 2119 indignis--

113 2116 209 2154 sime
236 2115 420 2154 concidit:
450 2117 560 2166 cujus
584 2117 859 2155 monimentum
881 2113 1193 2152 celeberrimum
1184 2126 1223 2150 111

113 2168 212 2217 foro,
231 2169 450 2220 sepulcrum
468 2169 790 2209 desertissimum
782 2181 821 2206 m
835 2168 942 2207 litore
961 2166 1226 2217 Dyrrhachino
