1435 2328
211 90 286 128 120
395 87 537 130 POST
567 89 841 130 REDITUM
869 90 928 129 ΙΙ.
959 91 1064 130 ΟΑΡ.
1093 92 1131 130 9.

203 196 243 234 id
254 203 396 246 manet,
408 205 445 237 et
458 199 708 250 permanebit.
725 198 819 237 Vidi
833 211 902 250 ego
913 198 1161 237 fortissimum
1177 197 1330 244 virum,

203 251 436 302 municipem
473 265 618 301 meum,
650 252 694 291 C.
730 253 918 301 Marium,
954 251 1155 304 (quoniam
1190 251 1314 297 nobis,

204 305 312 355 quasi
327 306 456 356 aliqua
485 306 591 344 fatali
616 306 846 354 necessitate,
873 319 949 344 non
980 306 1105 343 solum
1133 317 1222 343 cum
1253 304 1317 342 his

204 358 271 408 qui
299 359 378 397 haec
401 360 523 398 delere
549 360 766 405 voluissent,
799 360 863 398 sed
893 360 1007 398 etiam
1033 371 1120 397 cum
1146 357 1314 405 fortuna,

202 412 504 463 belligerandum
518 413 608 460 fuit)
625 426 713 451 eum
731 421 859 451 tamen
878 413 970 460 vidi,
991 426 1079 451 cum
1099 419 1193 451 esset
1211 424 1317 457 sum-2

201 463 265 502 ma
294 474 495 513 senectute,
516 479 592 504 non
611 467 725 504 modo
744 479 819 504 non
838 467 997 505 infracto
1016 467 1145 504 animo
1163 471 1316 517 propter

201 520 505 570 magnitudinem
531 520 768 566 calamitatis,
791 521 854 558 sed
879 520 1100 558 confirmato
1123 527 1237 571 atque
1255 531 1315 556 re-

201 581 350 611 novato.
381 573 510 621 Quem
541 582 690 624 egomet
718 574 839 612 dicere
867 574 1008 619 audivi,
1036 581 1120 611 tum
1139 586 1178 611 se
1196 572 1313 610 fuisse

199 626 397 673 miserum,
419 640 507 664 cum
526 635 665 665 careret
683 628 819 677 patria,
841 641 957 678 quam
970 627 1162 665 obsidione
1173 627 1311 664 libera-

199 679 335 725 visset;
367 693 455 718 cum
475 694 542 718 sua
560 683 659 718 bona
677 681 858 731 possideri
885 682 933 718 ab
955 680 1118 718 inimicis
1136 693 1179 718 ac
1197 679 1312 730 diripi

198 733 369 778 audiret3
401 747 489 771 cum
520 734 794 772 adolescentem
822 734 945 771 filium
971 734 1113 772 videret
1142 733 1312 782 ejusdem

201 787 344 825 socium
352 787 575 825 calamitatis
589 801 599 831 ;
622 800 724 834 cum,
737 788 777 825 in
792 787 996 838 paludibus
1007 787 1214 835 demersus,
1225 799 1315 825 con-

199 853 311 879 cursu
326 855 369 879 ac
386 840 640 879 misericordia
652 841 980 879 Minturnensium
992 854 1126 892 corpus
1139 854 1182 878 ac
1196 840 1315 878 vitam

200 907 309 932 suam
329 895 605 940 conservassem
628 907 731 943 cum,
751 895 869 946 parva
888 895 1064 933 navicula
1083 895 1261 943 trajectus
1273 893 1314 931 in

199 948 389 994 Africam,
416 949 556 1000 quibus
587 961 703 999 regna
735 948 815 999 ipse
844 949 1011 996 dederat,
1040 948 1089 986 ad
1117 961 1179 986 eos
1206 948 1316 998 inops

201 1003 441 1054 supplexque
469 1003 654 1047 venisset3
685 1002 904 1053 recuperata
922 1015 1009 1041 vero
1028 1002 1098 1040 sua
1116 1001 1313 1052 dignitate,

201 1068 241 1094 se
260 1068 336 1094 non
363 1056 668 1103 commissurum,
702 1063 759 1103 ut,
795 1069 882 1094 cum
917 1069 974 1103 ea,
1007 1069 1094 1107 quae
1123 1055 1314 1103 amiserat,

202 1109 273 1147 sibi
304 1110 477 1148 restituta
506 1117 641 1157 essent,
682 1110 861 1148 virtutem
887 1110 1006 1147 animi
1038 1122 1115 1147 non
1144 1108 1313 1157 haberet,

201 1176 320 1213 quam
338 1176 538 1215 nunquam
556 1163 789 1214 perdidisset.
820 1163 895 1202 Sed
913 1164 984 1201 hoc
1001 1164 1100 1201 inter
1117 1175 1182 1200 me
1200 1170 1315 1213 atque

200 1216 314 1254 illum
332 1217 508 1255 interest:
539 1217 641 1268 quod
659 1217 737 1264 ille,
762 1218 839 1269 qua
866 1231 907 1255 re
935 1217 1148 1268 plurimum
1173 1216 1312 1268 potuit,

201 1269 244 1308 ea
262 1271 344 1321 ipsa
362 1284 402 1308 re
420 1271 592 1308 inimicos
612 1284 698 1309 suos
716 1271 820 1309 ultus
850 1278 917 1317 est,
949 1271 1094 1315 armis3
1128 1283 1211 1321 ego,
1236 1270 1314 1321 qua

200 1324 389 1371 consuevi,
407 1332 516 1370 utar3
538 1325 721 1375 quoniam
739 1324 795 1362 illi
814 1325 885 1362 arti
906 1324 946 1362 in
965 1325 1066 1363 bello
1077 1337 1121 1362 ac
1132 1323 1315 1362 seditione

200 1378 305 1416 locus
331 1384 399 1426 est,
426 1378 516 1416 huic
539 1378 579 1415 in
604 1391 696 1429 pace
721 1385 836 1429 atque
860 1378 947 1416 otio.
979 1378 1228 1429 Quamquam
1248 1377 1314 1415 ille

199 1431 329 1469 animo
339 1431 435 1469 irato
453 1431 550 1469 nihil
569 1432 640 1469 nisi
659 1432 706 1469 de
725 1432 887 1470 inimicis
905 1431 1128 1470 ulciscendis
1146 1432 1283 1482 agebat
1298 1444 1310 1476 ς

201 1498 271 1536 ego
290 1485 336 1523 de
364 1485 455 1536 ipsis
475 1485 637 1523 inimicis
665 1492 829 1535 tantum,
851 1493 1040 1538 quantum
1067 1485 1165 1523 mihi
1182 1497 1314 1536 respu-

199 1539 299 1578 blica
317 1539 522 1590 permittet,
543 1539 726 1589 cogitabo.

255 1593 332 1631 IX.
363 1592 554 1643 Denique,
569 1593 752 1640 Quirites,
766 1594 950 1645 quoniam
967 1606 1031 1631 me
1049 1599 1212 1644 quatuor
1230 1604 1313 1630 om-

199 1646 290 1685 nino
309 1659 446 1697 genera
463 1646 665 1684 hominum
684 1647 897 1693 violarunt3
918 1660 1043 1685 unum
1062 1659 1208 1694 eorum,
1229 1645 1311 1697 qui,

201 1700 288 1738 odio
307 1699 536 1761 reipublicae,
557 1701 660 1761 quod
678 1714 763 1739 eam
780 1701 872 1753 ipsis
889 1701 1017 1740 invitis
1035 1699 1310 1747 conservatam,

200 1753 298 1791 mihi
326 1753 577 1791 inimicissimi
607 1753 788 1801 fueruntg
818 1755 996 1803 alterum,
1021 1753 1089 1806 qui
1106 1766 1174 1805 per
1193 1753 1313 1792 simu-

196 1807 379 1846 lationem
398 1806 585 1855 amicitiae,
602 1808 742 1846 nefarie
753 1809 1026 1860 prodiderunt3
1047 1807 1216 1855 tertium,
1230 1807 1312 1859 qui,

201 1874 290 1900 cum
308 1867 461 1912 propter
479 1861 655 1899 inertiam
675 1875 784 1900 suam
804 1862 937 1900 eadem
963 1861 1114 1913 assequi
1131 1873 1209 1899 non
1227 1873 1314 1912 pos-

200 1921 298 1962 sent,
325 1914 543 1952 inviderunt
566 1915 671 1953 laudi
697 1924 734 1954 et
761 1916 936 1967 dignitati
963 1928 1085 1961 meae3
1116 1921 1312 1966 quartum,

201 1969 282 2020 qui,
303 1980 391 2006 cum
411 1968 584 2006 custodes
604 1969 822 2021 reipublicae
841 1982 921 2007 esse
939 1969 1130 2016 deberent,
1151 1969 1315 2006 salutem

200 2035 342 2069 meam,
356 2028 495 2059 statum
511 2022 684 2070 civitatis,
699 2023 923 2074 dignitatem
944 2025 1026 2073 ejus
1044 2022 1195 2074 imperii
1213 2021 1317 2073 quod

200 2083 280 2114 erat
310 2087 424 2126 penes
452 2076 566 2127 ipsos,
598 2077 877 2122 vendiderunt3
908 2077 960 2115 sic
990 2077 1150 2115 ulciscar
1178 2087 1317 2127 genera

202 2129 366 2182 singula,
386 2129 713 2181 quemadmodum
732 2144 754 2169 a
781 2130 997 2183 quibusque
1024 2143 1110 2169 sum
1137 2141 1331 2181 provoca--
