1425 2334
351 69 464 108 PRo
493 65 716 106 sEx'rm.
748 64 850 100 cst.
885 59 944 97 ιι.
1092 28 1094 30 ’
1133 54 1202 98 271

113 180 283 226 lendum,
304 177 415 216 officii
434 176 616 214 rationem
632 174 670 209 in
691 171 795 209 omni
814 168 904 212 vitii,
919 177 993 202 nou
1009 161 1211 205 commodi,

112 247 190 272 csse
207 231 434 276 ducendam,
466 226 663 267 subeunda
685 236 753 274 pro
776 221 896 273 patri&
921 217 1098 269 pericula,
1131 215 1215 252 vul-

111 299 201 325 nera
219 283 452 335 excipienda,
472 289 633 319 mortem
661 275 927 329 oppetendam,
948 269 1139 309 vaticinari
1158 276 1214 305 at-

111 353 186 392 que
203 339 367 376 insanire
385 336 543 374 dicebat.

166 392 229 431 Ex
247 391 307 430 his
325 389 483 429 assiduis
496 389 578 437 ejus
590 384 893 438 quotidianisque
913 377 1162 420 sermonibus,
1179 382 1216 412 et

113 445 217 498 quod
245 444 434 490 videbam,
465 442 690 493 quibuscum
723 435 942 475 hominibus
971 431 1011 468 in
1042 428 1216 467 interiore

116 500 256 538 aedium
273 505 380 550 parte
397 497 551 541 viveret,
571 502 608 533 et
631 492 735 544 quod
756 491 811 527 ita
835 487 969 525 domus
994 485 1076 535 ipsa
1092 482 1218 519 fuma-

116 556 196 601 bat,
217 560 261 590 ut
273 551 396 589 multa
414 551 494 598 ejus
513 546 693 587 sermonis
711 543 849 582 indicia
866 539 1060 584 redoleret,
1082 542 1220 573 statue-

118 609 208 646 bam
240 605 308 651 sic‚
338 603 428 642 boni
460 602 556 640 nihil
588 602 635 639 ab
664 599 739 637 illis
770 595 883 646 nugis
911 588 1220 643 exspectandum,

121 659 213 698 mali
231 657 387 710 quidem
398 664 495 694 certe
509 655 604 693 nihil
617 648 968 705 pertimescendum.
998 643 1074 683 Sed
1084 642 1137 680 ita
1151 648 1220 687 est,

118 713 277 763 judices,
297 718 354 757 ut,
374 711 405 748 si
422 709 592 761 gladium
612 719 727 759 parvo
751 715 882 756 puero,
902 707 968 738 aut
987 698 1017 736 si
1035 695 1224 734 imbecillo

123 766 203 805 seni
221 773 288 804 aut
304 763 434 810 debili,
453 762 610 807 dederis,
636 761 717 811 ipse
740 759 887 808 impetu
905 765 972 792 suo
991 749 1134 789 nemini
1158 759 1226 785 no-

122 829 204 859 ceat
217 833 230 857 z
259 818 317 857 sin
335 817 384 855 ad
401 816 550 854 nudum
574 814 634 852 vel
651 810 844 851 fortissimi
863 807 933 846 viri
955 817 1089 855 corpus
1107 813 1226 840 acces-

124 873 226 920 serit,
245 871 363 922 possit
380 871 458 908 acie
484 869 568 920 ips&
585 877 623 906 et
645 865 734 904 ferri
753 864 895 903 viribus
912 856 1103 898 vulnerari
1119 869 1129 892 ι
1158 854 1226 900 ita,

124 939 212 965 cum
230 924 449 962 hominibus
478 920 660 960 enervatis
682 927 796 969 atque
815 912 1070 963 exsanguibus
1095 920 1228 947 consu-

123 981 237 1027 latus,
249 986 448 1028 tamquam
462 975 624 1026 gladius,
640 980 735 1010 esset
747 971 882 1013 datus;
912 966 980 1017 qui
992 977 1058 1015 per
1072 975 1113 1000 se
1130 973 1229 1012 pun-

125 1046 212 1084 gere
239 1031 432 1070 neminem
457 1040 629 1079 unquam
658 1024 879 1076 potuissent,
905 1020 961 1066 hi,
987 1015 1128 1056 summi
1156 1014 1229 1052 im-

125 1087 221 1138 perii
239 1084 391 1123 nomine
410 1081 559 1129 armati,
575 1077 848 1130 rempublicam
863 1069 1227 1112 contrucidaverunt.

127 1139 266 1179 Foedus
284 1138 452 1175 fecerunt
470 1147 558 1173 cum
576 1134 728 1170 tribuno
757 1128 877 1182 plebis
894 1126 1038 1177 palam,
1057 1130 1102 1160 ut
1119 1122 1167 1159 ab
1186 1133 1230 1158 eo

129 1192 336 1245 provincias
355 1190 577 1240 acciperent,
601 1199 701 1237 quas
719 1184 792 1235 ipsi
813 1181 978 1224 vellent3
1008 1175 1229 1220 exercitum,

127 1256 164 1285 ct
192 1244 406 1297 pecuniam,
426 1248 609 1294 quantam
628 1238 780 1283 vellent,
801 1236 845 1273 eit
861 1235 960 1284 lege,
988 1231 1021 1269 si
1037 1228 1110 1280 ipsi
1127 1227 1232 1278 prius

129 1301 280 1338 tribuno
299 1296 420 1348 plebis
437 1294 616 1334 afflictam
640 1300 677 1330 et
699 1289 936 1329 constrictam
958 1281 1232 1334 rempublicam

126 1353 374 1392 tradidissent„
404 1349 454 1388 Id
485 1354 614 1386 autem
643 1345 764 1383 foedus
795 1354 881 1380 meo
903 1337 1084 1388 sanguine
1113 1334 1232 1372 ictum

129 1406 261 1446 sanciri
279 1416 386 1456 posse
400 1403 585 1440 dicebant.
616 1397 706 1447 Qud
719 1410 759 1435 re
772 1393 961 1448 patefacte
973 1395 1113 1440 (neque
1132 1386 1233 1425 enim

129 1457 360 1498 dissimulari
381 1463 531 1494 tantum
561 1453 681 1492 scelus
703 1457 862 1502 poterat,
893 1459 961 1484 nec
989 1445 1120 1489 latere)
1148 1452 1236 1491 pro-

131 1514 354 1564 mulgantur
371 1522 449 1548 uno
463 1508 671 1557 eodemque
690 1513 859 1554 tempore
876 1498 1089 1550 rogationes
1109 1495 1156 1532 ab
1176 1506 1238 1531 eo-

131 1568 220 1605 dem
238 1566 390 1604 tribuno
408 1563 455 1601 de
471 1561 558 1600 mea
571 1558 748 1612 pernicie,
763 1564 801 1595 et
818 1555 864 1593 de
882 1549 1083 1606 provinciis
1102 1559 1237 1587 consu·

129 1622 215 1658 lum
233 1617 468 1657 nominatim.

187 1673 264 1711 XI.
294 1671 374 1709 Hic
391 1677 476 1708 tum
500 1675 650 1707 senatus
669 1665 864 1712 sollicitus,
889 1673 955 1700 vos
972 1654 1119 1710 equites
1138 1653 1238 1692 exci-

134 1727 218 1774 tati,
240 1724 352 1763 ltalia
369 1730 504 1762 cuncta
521 1728 706 1773 permota,
727 1730 856 1757 omnes
882 1714 1045 1764 denique
1066 1707 1241 1748 omnium

133 1791 317 1832 generum
334 1783 448 1828 atque
471 1776 648 1815 ordinum
667 1773 779 1819 cives,
796 1781 956 1809 summae
975 1761 1200 1815 reipublicae
1219 1772 1242 1796 a

135 1832 352 1873 consulibus
384 1837 497 1880 atque
518 1842 542 1866 a
567 1839 718 1866 summo
742 1823 900 1875 imperio
927 1817 1135 1872 petendum
1162 1825 1242 1850 esse

132 1886 323 1926 auxilium
345 1883 635 1929 arbitrabantur,
662 1892 751 1918 cum
779 1878 836 1915 ffli
855 1875 924 1916 soli
949 1877 1071 1911 essent
1089 1872 1242 1918 (praeter

130 1940 318 1978 furiosum
340 1937 452 1974 illum
476 1935 691 1981 tribunum)
713 1932 791 1970 duo
815 1926 1032 1981 reipublicae
1055 1919 1240 1965 turbines,

131 1994 200 2046 qui
218 2005 294 2030 non
313 1990 427 2029 modo
452 1987 700 2041 praecipitanti
731 1984 862 2037 patriae
884 1992 960 2019 non
983 1973 1240 2018 subvenirent,

133 2047 200 2085 scd
233 2058 315 2084 eam
350 2044 463 2082 etiam
492 2042 655 2080 nimium
682 2039 786 2078 tarde
809 2034 1001 2076 concidere
1029 2032 1243 2067 moererent.

137 2099 397 2150 Flagitabzuur
416 2098 464 2135 ab
481 2096 540 2134 his
558 2093 739 2147 quotidie,
762 2104 849 2130 cum
870 2084 1032 2140 querelis
1049 2084 1241 2120 bonorum

133 2152 322 2200 munium,
346 2159 429 2189 tum
450 2150 561 2190 ctiam
581 2147 753 2201 precibus
772 2145 935 2191 senatsm,
951 2146 994 2179 ut
1011 2147 1137 2177 meam
1156 2144 1245 2173 cau-
