1389 2339
368 114 480 154 PRO
510 113 714 153 COELIO.
745 114 847 153 CAP.
872 114 932 152 12.
1122 115 1200 152 355

83 219 274 267 instituta,
305 232 422 271 quam
450 220 666 258 humanitas
696 229 809 272 atque
837 222 961 270 lege53
1002 220 1188 271 siquidem

82 285 159 311 non
178 273 291 311 modo
305 274 459 311 nomina
476 273 649 311 deferunt
666 274 762 312 inter
773 287 810 311 se
825 274 980 320 sodales,
997 274 1060 311 sed
1072 274 1185 311 etiam

82 334 381 363 commemorant
411 327 646 364 sodalitatem
682 327 721 363 in
754 326 960 364 accusando
976 340 987 370 3
1026 334 1082 373 ut,
1117 325 1185 374 [ne

82 379 188 430 quis]
223 379 262 416 id
291 379 387 417 forte
415 380 566 427 nesciat,
601 380 730 417 timere
758 380 964 416 videantur.
1005 379 1078 417 Sed
1105 379 1185 417 haec

80 432 278 470 omittam:
309 432 358 470 ad
375 431 453 481 illa,
475 445 560 483 quae
579 445 641 470 me
659 432 780 483 magis
798 439 1012 480 moverunt,
1033 444 1190 483 respon-

85 484 192 522 debo.

131 537 366 576 Deliciarum
396 539 606 589 objurgatio
636 539 708 576 fuit
740 539 866 590 longa,
899 545 935 576 et
964 552 1007 577 ea
1033 538 1159 576 lenior

82 591 243 642 plusque
261 592 521 642 disputationis
545 592 691 637 habuit,
712 605 828 642 quam
847 591 1073 636 atrocitatis;
1105 603 1187 642 quo

80 643 194 681 etiam
213 644 341 682 audita
355 652 408 682 est
427 645 614 682 attentius.
645 646 764 692 Nam,
786 645 830 681 P.
848 644 1016 693 Clodius,
1038 645 1181 682 amicus

81 708 202 744 meus,
223 710 310 735 cum
322 710 360 735 se
373 698 589 748 gravissime
604 698 1000 748 vehementissimeque
1011 699 1181 746 jactaret,

82 756 119 786 et
136 751 263 787 omnia
287 750 543 788 inflammatus
563 758 687 800 ageret
705 751 922 788 tristissimis
937 751 1071 797 verbis,
1093 763 1181 789 voce

78 803 272 847 maximin
303 804 450 841 tametsi
460 805 666 854 probabam
681 805 760 852 ejus
772 803 1037 854 eloquentiam,
1054 811 1179 841 tamen

79 867 155 893 non
173 856 478 906 pertimescebam
494 871 503 893 ε
534 857 677 906 aliquot
696 857 795 893 enim
815 857 854 893 in
874 856 993 893 causis
1016 868 1104 893 eum
1123 856 1179 893 vi-

79 908 207 946 deram
222 909 359 947 frustra
369 909 590 960 litigantem.
618 909 709 946 Tibi
721 917 861 956 autem,
878 910 1012 954 Balbe,
1026 922 1178 960 respon-

77 961 173 998 debo
192 962 358 1012 primum
374 962 550 1012 precario,
565 962 706 1009 silicet,
724 962 754 999 si
769 962 824 999 fas
839 969 906 1009 ὅτ,
917 962 1065 999 defendi
1079 975 1102 999 a
1117 975 1178 1000 me

78 1027 165 1051 eum
195 1015 262 1065 qui
287 1015 437 1052 nullum
460 1015 672 1053 convivium
695 1015 870 1061 renuerit,
891 1015 958 1066 qui
981 1022 1176 1066 unguenta

77 1068 266 1112 sumserit,
287 1068 353 1118 qui
372 1068 485 1105 Baias
504 1068 646 1105 viderit.

131 1120 232 1157 XII.
262 1121 451 1171 Equidem
476 1121 615 1158 multos
635 1128 670 1158 et
696 1121 772 1158 vidi
797 1121 835 1158 in
863 1121 934 1158 hac
956 1121 1116 1168 civitate,
1140 1129 1178 1159 et

77 1173 219 1218 audivi,
246 1185 321 1211 non
340 1174 451 1210 modo
480 1174 546 1224 qui
577 1175 804 1224 primoribus
829 1174 943 1211 labris
964 1175 1176 1224 gustassent

75 1239 195 1276 genus
222 1226 292 1264 hoc
317 1227 415 1272 vitae,
436 1235 472 1264 et
500 1227 674 1264 extremis
699 1230 758 1269 (ut
776 1227 925 1273 dicitur)
946 1227 1071 1277 digitis
1089 1228 1176 1265 atti-

77 1280 231 1329 gissent,
259 1279 323 1316 sed
357 1280 422 1330 qui
458 1287 576 1317 totam
610 1280 894 1317 adolescentiam
920 1281 1176 1330 voluptatibus

77 1331 278 1378 dedissent,
300 1333 489 1370 emersisse
515 1332 729 1383 aliquando,
750 1339 786 1370 et
812 1345 850 1370 se
876 1333 923 1369 ad
941 1332 1090 1383 frugem
1108 1335 1177 1370 bo-

76 1397 165 1422 nam
188 1389 246 1426 (ut
259 1385 410 1431 dicitur)
433 1386 625 1435 recepisse,
649 1398 852 1436 gravesque
874 1385 1044 1424 homines
1062 1394 1176 1436 atque

73 1437 237 1475 illustres
255 1438 378 1476 fuisse.
410 1438 534 1476 Datur
553 1439 667 1485 enim,
687 1451 861 1476 concessu
880 1439 1066 1485 omnium,
1086 1439 1176 1477 huic

73 1490 210 1541 aliquis
229 1491 342 1529 ludus
361 1491 461 1528 aetati
477 1505 488 1536 3
518 1500 554 1529 et
571 1491 653 1542 ipsa
671 1499 804 1528 natura
821 1491 1015 1542 profundit
1030 1492 1174 1529 adoles-

74 1543 206 1581 centiae
231 1544 476 1594 cupiditates;
506 1557 591 1594 quae
609 1544 640 1581 si
662 1544 714 1581 ita
732 1551 949 1594 erumpunt,
969 1552 1013 1582 ut
1031 1545 1174 1582 nulllus

72 1596 190 1634 vitam
209 1597 446 1644 labefactent,
469 1597 611 1634 nullius
629 1597 786 1634 domum
804 1604 982 1645 evertant,
996 1597 1122 1636 faciles
1140 1604 1177 1639 et

76 1649 285 1687 tolerabiles
303 1650 432 1687 haberi
452 1651 582 1688 solent.

128 1702 203 1740 Sed
222 1710 263 1740 tu
281 1702 376 1739 mihi
394 1703 579 1749 videbare,
601 1716 647 1740 ex
666 1704 858 1741 communi
873 1703 1027 1741 infamia
1037 1705 1174 1754 juven-

74 1755 178 1802 tutis,
204 1755 371 1806 aliquam
395 1755 576 1794 invidiam
595 1756 712 1794 Coelio
730 1757 824 1794 velle
838 1758 1008 1794 conflare.
1038 1757 1175 1808 Itaque

73 1820 186 1846 omne
200 1808 296 1845 illud
315 1808 520 1857 silentium,
533 1809 634 1860 quod
648 1817 701 1847 est
713 1810 870 1847 orationi
884 1810 1069 1848 tributum
1083 1817 1176 1856 tuae,

70 1861 146 1899 fuit
164 1862 212 1898 ob
231 1873 315 1898 eam
327 1874 491 1909 causam,
504 1862 619 1913 quod,
632 1874 709 1900 uno
723 1875 784 1900 reo
795 1863 997 1914 proposito,
1014 1863 1060 1900 de
1075 1863 1175 1900 mul·

72 1921 198 1951 torum
218 1914 315 1952 vitiis
333 1914 599 1965 cogitabamus.
638 1915 763 1954 Facile
789 1923 843 1953 est
864 1929 1037 1954 accusare
1060 1916 1176 1956 luxu-

72 1967 190 2004 riem:
221 1966 298 2004 dies
313 1968 394 2018 jam
414 1981 474 2005 me
492 1968 651 2014 deficiat,
672 1969 716 2016 si,
737 1982 823 2019 quae
841 1969 914 2006 dici
931 1969 970 2011 in
990 1981 1073 2006 eam
1092 1980 1177 2006 sen-

72 2020 230 2057 tentiam
249 2020 405 2071 possint,
426 2033 535 2059 coner
553 2034 770 2072 expromere
786 2036 795 2058 :
816 2022 862 2059 de
881 2021 1114 2072 corruptelis,
1130 2021 1178 2058 de

73 2072 280 2125 adulteriis,
293 2073 340 2110 de
357 2074 608 2124 protervitate,
622 2074 668 2112 de
679 2075 881 2121 sumtibus,
896 2075 1082 2111 immensa
1095 2086 1179 2112 ora..

73 2125 126 2163 tio
144 2133 209 2164 est.
246 2126 305 2164 Ut
321 2126 392 2164 tibi
414 2139 521 2164 reum
547 2127 752 2174 neminem,
776 2127 840 2166 sed
859 2127 949 2165 vitia
975 2137 1176 2178 proponas,

71 2191 129 2217 res
148 2184 275 2218 tamen
295 2179 377 2231 ipsa
394 2187 431 2219 et
455 2180 601 2232 copiose
625 2187 662 2219 et
679 2180 1025 2231 graviter-accusari
1042 2186 1177 2232 potest.
