1455 2343
168 81 246 119 284
424 76 537 116 PRO
567 75 791 116 SEXTIO.
822 76 927 115 CAP.
957 77 1022 115 24.

167 200 246 240 qua
264 199 329 225 vos
347 185 553 238 aliquando
570 184 769 224 necessitas
787 185 837 223 ad
855 183 1135 236 rempublicam
1153 190 1287 223 contra

170 242 364 293 improbos
372 240 469 279 cives
480 239 757 278 defendendam
765 239 927 286 vocabit,
936 238 1124 289 segniores
1132 237 1226 286 sitis,
1237 245 1293 286 et,

176 294 434 334 recordatione
450 294 527 332 mei
545 295 667 342 035115,
683 306 706 331 3
720 293 885 332 consiliis
902 293 1064 331 fortibus
1082 267 1294 342 refugiatisl

228 348 421 396 Primum,
441 360 519 386 non
545 354 601 386 est
618 348 846 399 periculum,
867 359 915 384 ne
935 346 1002 398 qui
1009 358 1196 407 unquam
1215 346 1292 383 sint

177 404 218 441 in
237 402 388 441 civitate
419 401 607 452 ejusmodi
637 402 822 448 consules,
852 400 1063 452 praesertim
1096 400 1127 438 si
1146 399 1217 438 erit
1234 399 1296 438 his

177 456 232 504 id,
245 457 350 508 quod
361 456 532 503 debetur,
548 456 798 506 persolutum.
818 454 971 492 Deinde
981 465 1182 504 nunquam
1194 454 1293 502 jam,

178 517 224 548 ut
242 523 364 562 spero,
385 510 590 561 quisquam
609 508 822 559 improbus,
843 507 998 545 consilio
1016 514 1053 545 et
1066 507 1210 545 auxilio
1228 508 1297 545 bo-

179 576 320 603 norum
339 576 379 602 se
403 574 625 614 oppugnare
647 561 925 622 rempublicam
944 560 1056 607 dicet,
1075 560 1152 598 illis
1170 568 1298 599 taceri·-

180 618 310 663 tibus3
339 629 409 655 nec
426 615 564 654 armati
581 615 764 653 exercitus
793 621 974 653 terrorem
998 621 1166 665 opponet
1190 621 1298 665 toga-

182 672 258 717 tis;
287 683 412 722 neque
430 669 500 708 erit
514 670 618 719 justa
636 682 748 707 causa
766 668 815 706 ad
829 675 956 719 portas
976 667 1147 706 sedenti
1137 678 1302 719 impera-

184 726 272 787 tori,
290 737 408 777 quare
418 731 599 762 terrorem
612 735 727 761 suum
740 723 836 761 falso
851 721 985 772 jactari
999 721 1217 773 opponique
1235 735 1303 773 pa·-

185 779 315 818 tiatur.
356 778 573 829 Nunquam
593 776 695 816 enim
715 777 785 815 erit
813 783 895 814 tam
919 789 1119 828 oppressus
1138 783 1305 824 senatuS,

187 841 233 871 ut
251 833 285 871 ei
303 845 352 870 ne
370 831 609 883 supplicandi
623 831 780 882 quidem
799 844 842 868 ac
870 830 1029 882 lugendi
1048 829 1096 868 sit
1113 836 1303 881 potestas·
1291 859 1304 875 ‚

188 894 267 925 tam
288 894 421 937 captus
439 892 611 936 equester
629 885 734 933 ordo,
751 892 796 922 ut
815 885 960 936 equites
988 883 1159 922 Romani
1177 897 1201 921 a
1219 896 1308 922 con-

189 941 270 980 sule
288 941 514 991 relegentur.
545 938 645 987 Quae
664 952 753 977 cum
767 938 910 987 omnia,
923 946 1038 990 atque
1053 937 1169 976 etiam
1185 938 1312 976 multo

193 994 269 1033 alia
285 995 445 1044 majora,
468 996 572 1045 (quae
583 994 754 1032 consulto
772 999 968 1045 praetereo)
988 991 1233 1038 accidissent3
1254 991 1312 1031 vi„

189 1048 286 1087 detis
302 1061 365 1086 me
384 1053 513 1086 tamen
531 1047 573 1085 in
591 1047 792 1099 pristinam
817 1060 946 1085 meam
968 1046 1209 1097 dignitatem,
1224 1047 1310 1084 bre-

191 1102 249 1141 vis
268 1102 449 1154 temporis
478 1102 607 1140 dolore
638 1102 847 1151 interjecto,
872 1101 1090 1153 reipublicae
1115 1113 1204 1139 voce
1233 1113 1312 1146 esse

191 1163 422 1196 revocatum.

246 1210 408 1250 XXIV.
437 1210 525 1257 Sed,
539 1216 583 1248 ut
594 1217 757 1248 revertar
771 1209 821 1247 ad
837 1209 936 1247 1111111
959 1208 1063 1260 quod
1073 1208 1171 1247 mihi
1184 1207 1225 1246 in
1239 1208 1311 1247 hac

192 1265 300 1303 omni
332 1271 387 1302 est
415 1264 582 1302 oratione
611 1264 864 1315 propositum,
891 1263 1069 1301 omnibus
1098 1262 1211 1300 malis
1244 1262 1312 1300 1110

194 1330 309 1366 anno,
323 1319 459 1356 scelere
474 1318 689 1365 consulum,
702 1317 978 1368 rempublicam
990 1329 1069 1354 esse
1081 1316 1310 1354 confectam·

195 1371 381 1432 primum,
401 1371 497 1409 illo
487 1384 570 1422 lpso
589 1371 665 1419 die,
685 1371 753 1422 qui
771 1371 868 1408 mihi
886 1370 1061 1408 funestus
1080 1369 1168 1417 fuit,
1189 1369 1311 1408 omni-

195 1428 269 1469 bus
288 1425 398 1463 bonis
416 1425 625 1472 luctuosus,
642 1437 730 1463 cum
751 1438 820 1475 ego
833 1437 897 1462 me
912 1437 932 1462 e
946 1424 1150 1475 complexu
1164 1423 1312 1474 patriae,

196 1486 475 1530 conspectuque
493 1486 629 1524 vestro,
647 1478 881 1529 eripuissem,
898 1485 948 1526 et,
961 1485 1069 1515 metu
1087 1477 1201 1516 vestri
1214 1478 1314 1528 peri-

196 1533 288 1580 culi,
308 1545 386 1570 non
404 1532 495 1579 mei,
515 1532 635 1569 furori
654 1532 835 1580 hominis,
849 1531 992 1580 sceleri,
1012 1531 1196 1583 perfidiae,
1212 1531 1312 1579 telis,

196 1586 402 1637 minisque,
423 1585 627 1633 cessissem,
648 1586 903 1637 patriamque,
931 1599 1018 1637 quae
1035 1585 1133 1623 mihi
1158 1591 1238 1623 erat
1255 1599 1316 1624 ca-

199 1639 362 1687 rissima,
382 1647 535 1691 propter
548 1639 667 1691 ipsius
685 1640 818 1691 patriae
829 1639 1038 1687 caritatem,
1054 1639 1314 1691 reliquissem3

201 1707 291 1733 cum
308 1706 442 1732 meum
459 1693 573 1731 illum
592 1706 722 1732 casum
750 1701 830 1732 tam
859 1694 1095 1741 horribilem,
1126 1700 1206 1731 tam
1231 1706 1316 1744 gra—

201 1761 303 1795 vem,
323 1754 403 1786 tam
423 1748 678 1799 repentinum,
698 1759 775 1786 non
794 1749 919 1786 solum
937 1748 1124 1795 homines,
1145 1747 1211 1786 sed
1221 1753 1320 1785 tecta

201 1802 321 1840 Urbis
346 1814 390 1840 30
415 1802 572 1853 templa,
600 1802 800 1852 lugerent;
830 1814 944 1840 nemo
974 1803 1142 1840 vestram
1173 1801 1317 1847 forum,

201 1868 317 1894 nemo
329 1854 489 1903 curiam,
510 1868 623 1894 nemo
641 1856 781 1904 lucem,
795 1855 986 1908 adspicere
997 1856 1134 1894 vellet:
1163 1854 1246 1903 illo,
1257 1855 1318 1892 in-

202 1923 337 1962 quam,
357 1910 440 1961 ipso
458 1909 533 1957 die,
554 1909 615 1947 die
633 1909 748 1949 dico?
777 1910 898 1948 immo
929 1909 1038 1958 11013,
1071 1916 1187 1960 atque
1204 1909 1321 1947 etiam

202 1970 347 2015 puncto
376 1963 556 2014 temporis
575 1963 722 2011 eodem,
742 1964 839 2002 mihi
857 1963 988 2016 reique
1006 1963 1170 2014 publicae
1193 1963 1322 2014 perni-

205 2017 293 2065 cies,
329 2017 495 2056 Gabinio
525 2024 562 2056 et
589 2017 720 2056 Pisoni
745 2017 952 2069 provincia,
984 2023 1115 2068 rogata
1134 2023 1201 2055 est.
1245 2017 1326 2054 Pro

204 2072 273 2109 Dii
285 2071 533 2119 immortales,
554 2071 726 2110 custodes
745 2080 781 2110 et
801 2078 1077 2110 conservatores
1090 2071 1208 2120 hujus
1219 2070 1324 2108 urbis

205 2132 321 2177 atque
347 2125 522 2177 imperii!
554 2138 732 2176 quaenam
762 2126 829 2164 illa
856 2126 895 2164 in
922 2124 1118 2176 republica
1139 2130 1323 2169 monstra,

205 2193 290 2230 quae
304 2180 441 2220 scelera
454 2179 598 2219 vidistis
614 2183 631 2219 Ρ
652 2180 742 2219 civis
762 2187 842 2219 erat
855 2180 1052 2231 expulsus,
1072 2178 1117 2227 is,
1137 2178 1207 2229 qui
1225 2190 1324 2217 rem-
