1455 2343
251 74 333 127 356
524 82 638 123 PRO
667 87 869 132 cosmo.
900 95 1006 151 cim.
1032 101 1090 140 13.

249 182 324 221 Sed
343 192 474 225 vestrae
492 191 684 241 sapientiae
699 204 766 246 est,
783 200 942 253 judices,
961 218 1038 246 non
1056 211 1194 251 abduci
1212 216 1260 254 ab
1272 229 1357 265 reo;

247 246 330 285 nec,
351 252 446 290 quos
464 245 611 284 aculeos
625 247 761 289 habeat
779 257 954 298 severitas
967 263 1206 317 gravitasque
1220 277 1356 321 vestra,

247 302 336 327 cum
356 305 417 331 eos
435 307 626 338 accusator
645 315 803 345 erexerit
813 321 967 360 m-rem,
987 328 1026 353 ln
1043 317 1145 367 vitia,
1159 320 1198 359 in
1218 334 1358 374 mores,

244 341 285 380 in
306 350 488 397 tempora,
509 353 677 393 emitte-:e
698 357 737 396 in
763 360 957 404 hominem
979 370 1073 408 etin
1098 385 1205 412 reum
1223 390 1235 421 ς
1266 391 1354 417 cum

243 395 291 442 is,
307 410 383 436 non
402 414 470 440 suo
488 406 657 455 crimine,
678 411 742 449 sed
763 415 972 458 multorum
992 423 1094 471 vitio,
1109 426 1156 464 sit
1174 428 1211 466 in
1233 432 1354 481 quod-

242 449 332 488 dam
351 453 480 493 odium
501 457 686 508 injustum
706 475 868 507 vocatus.
899 473 1036 525 Itaque
1055 480 1240 520 severitati
1261 492 1350 534 tuae‚

240 510 285 540 ut
296 513 454 555 oportet,
463 510 515 548 ita
526 516 747 564 respondere
759 532 834 559 non
849 526 969 564 audeo
980 543 990 565 ε
1006 539 1084 569 erat
1095 533 1194 572 enirn
1203 548 1348 586 meum,

239 555 428 608 deprecari
442 566 671 605 vacationem
684 571 954 627 adolescentiae,
967 584 1190 637 veniamque
1201 597 1326 639 petere
1335 608 1347 631 ι

238 621 329 659 non,
349 612 522 665 inquam,
536 620 656 659 audeo
671 637 681 660 :
711 627 893 679 perfugiis
905 645 980 671 non
991 645 1074 674 utor
1088 641 1206 679 aetatis
1220 657 1230 680 ε
1261 657 1350 683 con-

238 675 339 702 cessa
357 669 534 708 omnibus
555 674 643 721 jura
661 676 834 719 dimitto:
866 691 1015 727 tantum
1034 699 1135 741 peto,
1149 702 1205 742 ut,
1220 697 1251 734 si
1269 711 1348 749 qua

236 723 292 754 est
316 718 458 759 invidia
477 730 688 768 communis
711 732 782 771 hoc
801 742 969 789 tempore
988 744 1070 782 aeris
1089 746 1215 796 alieni,
1234 760 1346 802 petu-

233 769 375 821 lant1ae,
396 774 600 818 libidinum
624 783 834 831 juventutis
861 794 995 842 (quam
1015 797 1122 837 video
1141 813 1219 840 esse
1236 817 1345 857 ma„-

231 833 355 873 nam),
375 839 424 865 ne
442 828 531 869 huic
549 834 671 874 aliena
684 849 848 891 peccata,
863 857 911 883 ne
929 850 1047 888 aetatis
1066 865 1109 890 ac
1128 860 1343 908 temporum

230 876 334 924 vitia,
350 892 518 922 noceant.
548 888 683 940 Atque
698 905 766 943 ego
778 895 892 947 idem,
903 902 970 951 qui
981 902 1061 942 haec
1071 910 1237 956 postulo,
1248 914 1342 963 quin

228 931 463 983 criminibus,
477 951 564 988 quae
577 941 617 979 in
630 943 731 984 hunc
744 952 895 1001 proprie
909 956 1165 1011 conferuntur,
1181 963 1341 1016 diligen-

227 983 371 1025 tissime
389 994 648 1044 respondeam,
669 1011 746 1037 non
764 1015 904 1044 recuso.

280 1037 406 1078 XIII.
437 1045 535 1083 Sunt
561 1056 689 1089 autem
715 1053 791 1093 duo
819 1059 991 1109 crimina,
1011 1067 1094 1104 auri
1119 1075 1156 1106 et
1178 1074 1335 1114 veneni:

223 1089 265 1127 in
284 1094 424 1142 quibus
439 1111 516 1136 una
529 1108 644 1153 atque
659 1107 789 1146 eadem
800 1124 958 1161 persona
973 1128 1151 1159 versatur.
1180 1125 1338 1167 Aurum

223 1153 395 1185 sumtum
420 1163 443 1187 a
462 1152 621 1201 modiin
654 1172 842 1202 venenum
869 1170 1084 1221 quaesiturn,
1115 1178 1218 1227 quod
1246 1180 1336 1220 Clo-

222 1196 295 1235 djae
314 1200 478 1251 daretur,
499 1207 646 1247 dicitur.
679 1213 825 1255 Omnia
843 1230 931 1260 sunt
950 1224 1037 1274 alia,
1064 1240 1140 1267 non
1160 1232 1332 1284 crimina,

218 1251 284 1288 sed
304 1256 503 1296 maledicta
517 1262 636 1313 jurgii
654 1270 859 1316 petulantis
878 1278 1013 1326 magis,
1035 1294 1151 1331 quam
1169 1287 1333 1335 publicae

218 1308 446 1354 quaestionis.
466 1313 646 1365 Adulter,
659 1319 888 1375 impudicus,
906 1340 1106 1382 sequester,
1120 1339 1331 1381 convicium

217 1366 284 1405 est,
305 1372 382 1399 non
408 1369 622 1407 accusatio:
653 1375 805 1414 nuHum
832 1389 888 1418 est
907 1384 1005 1422 enim
1033 1387 1327 1434 fundamentum

214 1409 352 1452 horum
371 1417 588 1468 criminum,
604 1426 712 1464 nulla
736 1430 851 1470 sedes.
882 1434 1004 1476 Voces
1024 1449 1111 1479 sunt
1130 1452 1325 1487 contume-

211 1462 327 1513 liosae,
338 1475 477 1509 temere
486 1475 532 1510 ab
544 1474 638 1515 irato
646 1491 870 1535 accusatore,
880 1489 986 1528 nullo
994 1502 1158 1544 auctore,
1165 1500 1322 1541 emissae.

265 1519 419 1560 Horum
452 1525 616 1567 duorum
649 1534 851 1577 criminum
884 1542 992 1582 video
1024 1547 1183 1600 fontem,
1214 1554 1327 1597 video.

209 1580 414 1624 auctorem,
435 1579 542 1618 video
561 1591 705 1624 certum
727 1601 865 1630 nomen
886 1603 923 1633 et
942 1607 1066 1650 caput.
1094 1605 1206 1644 Auro
1224 1620 1323 1659 opus

206 1623 304 1663 fuit:
341 1632 477 1670 sumsit
509 1647 531 1671 a
561 1637 694 1678 Clodia
709 1655 721 1687 ;
752 1648 887 1685 sumsit
917 1650 996 1690 sine
1028 1661 1148 1703 teste3
1184 1659 1321 1702 habuit

204 1681 391 1729 quamdiu
411 1686 540 1725 voluit.
571 1690 797 1735 Maximum
817 1700 924 1740 video
944 1705 1096 1756 signum
1116 1714 1315 1762 cujusdam

203 1734 363 1784 egregiae
379 1736 656 1783 familiaritatis.
688 1749 729 1786 N
731 1763 834 1791 ecare
852 1758 1023 1798 eamdem
1037 1764 1181 1812 voluit3
1212 1781 1317 1819 quae-

200 1783 287 1823 sivit
306 1801 516 1840 venenum;
542 1798 766 1853 sollicitavit,
788 1820 882 1857 quos
899 1814 1047 1861 potuit;
1067 1820 1236 1867 paravit;
1256 1823 1314 1861 lo-

198 1849 287 1877 cum
300 1844 492 1884 constituit
504 1862 516 1894 ;
533 1852 671 1891 attulit.
699 1856 893 1909 Magnum
907 1877 1035 1906 rursus
1049 1870 1181 1911 odium
1189 1874 1312 1925 video,

196 1903 284 1930 cum
304 1897 560 1941 crudelissimo
587 1906 754 1959 discidio,
777 1916 971 1957 exstitisse.
1011 1921 1091 1962 Res
1114 1933 1170 1964 est
1187 1931 1311 1969 omnis

193 1943 233 1981 in
248 1945 320 1986 hac
338 1953 450 1991 causa
468 1956 588 2005 nobis,
606 1960 764 2013 judices,
782 1979 869 2006 cum
885 1971 1033 2024 Clodia,
1053 1979 1213 2019 muliere
1230 1995 1309 2024 non

191 1999 315 2038 solum
333 2006 466 2055 nobili,
481 2010 547 2047 sed
558 2012 672 2052 etiam
687 2019 802 2065 nota3
825 2022 871 2061 de
883 2026 961 2075 qua
973 2040 1042 2079 ego
1055 2031 1151 2070 nihil
1165 2034 1311 2086 dicam,

187 2051 260 2089 nisi
279 2054 492 2106 depellendi
511 2064 676 2106 criminis
696 2074 820 2112 causa.
851 2077 926 2116 Sed
944 2080 1124 2135 intelligis
1140 2090 1226 2138 (pro
1237 2091 1307 2130 tua

184 2111 378 2154 praestanti
395 2116 629 2167 prudentia),
652 2122 722 2162 Cn.
743 2125 908 2178 Domiti,
929 2146 1017 2173 cum
1035 2136 1107 2177 hac
1124 2141 1205 2180 sola
1221 2156 1306 2183 rem

182 2169 260 2198 esse
278 2164 411 2204 nobis:
442 2182 529 2220 quae
547 2172 578 2211 si
596 2187 636 2213 se
654 2189 793 2220 aurum
809 2183 929 2226 Coelio
949 2193 1208 2234 commodasse
1220 2209 1304 2249 *non
