1435 2328
222 79 248 117 4
482 80 596 120 PRO
625 78 864 120 FLACCO.
881 79 1000 119 CAP-
1026 81 1065 119 3.

217 184 267 223 ad
294 197 462 237 poenam,
493 188 561 239 qui
596 188 735 227 indicia
766 187 981 227 communis
1012 185 1121 226 exitii
1152 185 1329 239 excepit.
1343 208 1347 211 ⁴

218 251 286 276 cur
315 239 388 278 sibi
416 241 581 280 confidat
612 242 658 290 is,
691 242 759 294 qui
788 255 832 280 ea
868 240 1096 302 proferenda
1121 247 1159 279 et
1187 240 1334 292 patefa-

218 292 352 332 cienda
380 295 556 334 curavit?
586 295 686 334 Socii
716 295 975 344 consiliorum,
1002 294 1181 342 ministri,
1215 294 1334 332 comi-

218 352 365 398 tesque,
398 356 610 387 vexantur:
642 349 736 400 quid
758 357 941 398 auctores,
966 348 1060 400 quid
1085 348 1214 395 duces,
1241 347 1336 398 quid

217 399 421 452 principes,
452 403 523 440 sibi
553 404 798 454 exspectent?
837 404 972 454 Atque
1003 402 1152 440 utinam
1188 401 1335 440 inimici

217 454 350 501 nostri,
371 469 415 493 ac
436 458 624 494 bonorum
650 458 838 504 omnium,
865 469 1016 495 mecum
1036 456 1162 516 potius
1181 461 1335 493 conten-

215 507 322 555 dant,
338 519 468 547 utrum
481 518 565 548 tum
579 524 709 548 omnes
716 512 820 558 boni,
831 511 944 549 duces
959 510 1087 553 nostri,
1103 522 1151 547 an
1164 508 1334 554 comites,

216 560 360 600 fuerint
378 563 427 601 ad
446 576 689 602 communem
712 564 1006 603 conservandam
1026 564 1189 602 salutem
1216 562 1239 583 ³*
1266 561 1288 583 ¹*
1310 561 1333 583 ³⁸*

623 620 761 656 Multa
780 620 928 655 desunt.

271 669 355 707 ΙΙΙ.
385 671 505 710 Hunc
535 671 653 722 igitur
685 673 825 721 virum,
857 672 969 718 Laeli,
1001 671 1142 722 quibus
1170 670 1327 708 tandem

216 725 329 762 rebus
362 726 588 776 oppugnas?
618 726 724 773 Fuit,
758 726 804 763 P.
838 726 996 764 Servilio
1025 725 1264 776 imperatore,
1291 723 1333 761 in

218 776 351 815 Cilicia
381 779 558 817 tribunus
588 779 783 817 militum:
815 792 857 817 ea
882 792 941 817 res
972 779 1113 817 siletur.
1143 778 1236 816 Fuit
1268 777 1331 815 M.

215 831 348 869 Pisoni
367 840 530 883 quaestor
549 833 588 871 in
609 833 824 884 Hispania.
856 845 931 871 vox
945 833 992 870 de
1011 832 1204 883 quaestura
1223 831 1332 869 nulla

217 885 334 923 missa
354 893 420 923 est.
449 886 608 926 Bellum
635 886 813 925 Cretense
836 899 882 924 ex
909 898 1052 937 magna
1079 892 1186 936 parte
1204 884 1333 935 gessit,

217 945 333 989 atque
352 940 431 978 una
456 953 545 978 cum
564 953 716 979 summo
741 941 968 991 imperatore
993 939 1195 978 sustinuit:
1225 945 1337 976 muta

218 999 274 1030 est
304 993 421 1042 hujus
450 994 631 1045 temporis
661 997 859 1033 accusatio.
897 994 1080 1032 Praeturae
1105 991 1332 1042 jurisdictio,

215 1059 275 1084 res
305 1047 407 1085 varia
429 1055 466 1086 et
490 1049 695 1099 multiplex
720 1048 768 1086 ad
794 1047 1024 1099 suspiciones
1043 1055 1080 1085 et
1107 1046 1333 1094 simultates,

217 1111 296 1137 non
328 1100 552 1152 attingitur:
584 1115 628 1140 ea
656 1115 758 1150 vero,
790 1102 830 1139 in
858 1114 1010 1139 summo
1033 1108 1070 1138 et
1096 1099 1335 1151 periculosis-

216 1153 314 1191 simo
333 1155 550 1205 reipublicae
565 1162 748 1206 tempore,
769 1155 884 1193 etiam
899 1157 946 1192 ab
965 1154 1129 1192 inimicis
1140 1153 1332 1191 laudatur.

217 1207 276 1245 At
294 1220 317 1244 a
335 1209 492 1246 testibus
503 1209 666 1246 laeditur.
696 1210 922 1260 Antequam
934 1208 1030 1256 dico,
1052 1221 1074 1245 a
1086 1207 1240 1259 quibus,
1255 1206 1335 1257 quii.

217 1274 298 1312 spe,
333 1260 410 1312 qua
438 1275 478 1299 re
508 1262 713 1309 concitatis,
746 1263 824 1313 qua
853 1263 1019 1309 levitate,
1047 1262 1125 1312 qua
1155 1268 1333 1311 egestate,

216 1314 296 1365 qua
313 1315 486 1365 perfidia,
503 1316 582 1366 qua
600 1316 759 1354 audacia
772 1316 963 1367 praeditis;
994 1315 1120 1353 dicam
1132 1314 1179 1352 de
1197 1326 1334 1365 genere

215 1368 406 1415 universo,
428 1376 464 1407 et
483 1369 530 1407 de
549 1369 762 1408 conditione
781 1370 956 1407 omnium
975 1371 1159 1407 nostrum.

272 1422 347 1460 Per
365 1422 469 1460 Deos
496 1423 755 1461 immortales!
784 1423 944 1472 judices,
969 1436 1050 1470 VOS,
1075 1421 1266 1473 quomodo
1285 1421 1332 1469 is,

215 1475 284 1526 qui
303 1488 403 1513 anno
422 1483 510 1514 ante
528 1477 666 1514 Romae
680 1478 744 1526 jus
763 1477 923 1525 dixerat,
945 1489 1046 1515 anno
1071 1483 1157 1528 post
1174 1476 1215 1514 in
1233 1475 1333 1514 Asia}¹

210 1530 276 1579 jus
294 1529 446 1578 dixerit,
467 1544 489 1567 a
508 1530 666 1569 testibus
689 1531 864 1581 quaeretis
886 1530 1054 1582 ignotis?
1083 1529 1158 1581 ipsi
1184 1530 1332 1579 conjec-

214 1583 303 1621 tura
334 1583 432 1621 nihil
456 1584 675 1633 judicabitis
692 1587 709 1622 ?
740 1585 789 1622 In
819 1592 899 1623 tam
930 1584 1033 1623 varia
1054 1582 1330 1633 jurisdictione,

214 1645 296 1674 tam
314 1637 440 1675 multa
464 1638 624 1686 decreta,
646 1645 702 1676 tot
726 1638 929 1677 hominum
949 1638 1202 1689 gratiosorum
1232 1637 1333 1674 laesae

214 1691 453 1729 voluntates:
496 1705 582 1743 quae
612 1699 667 1730 est
695 1705 869 1743 unquam
896 1693 1012 1741 jacta,
1044 1703 1122 1729 non
1151 1690 1329 1741 suspicio,

215 1757 302 1795 quae
328 1751 456 1782 tamen
481 1746 575 1783 solet
597 1758 674 1783 esse
693 1745 801 1793 falsa,
834 1746 898 1784 sed
916 1745 1121 1784 iracundiae
1149 1757 1239 1789 vox,
1259 1752 1330 1781 aut

215 1798 386 1836 doloris?
416 1799 498 1836 Et
488 1812 519 1837 is
539 1807 593 1837 est
605 1812 690 1837 reus
705 1799 884 1847 avaritiae,
906 1800 986 1851 qui,
1005 1800 1045 1836 in
1064 1797 1257 1836 uberrima
1275 1810 1330 1845 re,

214 1858 326 1912 turpe
343 1853 632 1913 compendium,
664 1853 704 1890 in
722 1853 1080 1892 maledicentissima
1106 1851 1331 1899 civitate,in

215 1905 524 1956 suspiciosissimo
543 1907 707 1957 negotio,
735 1907 981 1944 maledictum
1000 1919 1128 1953 omne,
1148 1917 1225 1942 non
1245 1917 1330 1942 mo-

215 1959 265 1996 do
283 1959 440 2008 crimen,
462 1960 608 2010 effugit.
641 1961 831 1998 Praetereo
860 1960 940 2007 illa,
962 1974 1049 2020 quae
1067 1958 1330 2010 praetereunda

215 2024 293 2050 non
326 2020 437 2050 sunt:
469 2015 622 2051 nullum
655 2014 771 2063 hujus
799 2014 840 2051 in
869 2014 1024 2078 privatis
1050 2014 1162 2051 rebus
1182 2012 1329 2050 factum

215 2079 388 2114 avarum,
408 2068 585 2106 nullam
575 2081 615 2105 m
634 2080 675 2106 re
692 2067 909 2119 pecuniaria
927 2066 1220 2112 contentionem,
1240 2065 1330 2102 nul-

214 2121 295 2158 lam
319 2120 360 2157 in
385 2133 425 2158 re
448 2120 627 2160 familiari
653 2122 816 2169 sordem,
847 2134 955 2172 posse
973 2119 1142 2172 proferri.
1173 2118 1328 2166 Quibus

214 2174 332 2225 igitur
349 2173 507 2214 testibus
525 2188 594 2227 ego
607 2175 719 2215 hosce
736 2188 890 2228 possum
905 2174 1084 2223 refutare,
1099 2172 1173 2212 nisi
1190 2171 1327 2211 vobis?
