1425 2334
319 99 433 139 PRO
461 99 726 139 PLANCIO.
757 101 861 139 CAP-
881 101 946 140 34.
1098 99 1172 140 251

79 203 255 254 nimium,
271 207 450 257 quoniam
468 206 521 244 ita
538 213 580 244 tu
592 206 661 253 vis,
673 206 836 245 nimium
854 219 915 244 me
932 213 1082 257 gratum
1101 219 1178 245 esse

81 258 305 304 concedam
333 266 536 310 petamque
553 259 704 306 avobis,
721 259 879 308 judices,
900 267 945 297 ut
958 272 1045 299 eum
1064 262 1178 298 bene-

82 311 166 348 flcio
182 313 495 364 complectamini,
514 325 629 363 quem
647 312 714 363 qui
732 312 982 363 reprehendit,
1002 313 1041 350 in
1060 326 1103 351 eo
1122 326 1179 351 re-

81 363 290 414 prehendit,
319 365 421 416 quod
445 373 595 416 gratum
622 372 755 415 praeter
782 365 939 403 modum
966 365 1065 404 dicat
1087 379 1177 405 esse.

83 416 222 468 Neque
239 419 354 465 enim,
374 419 423 456 ad
441 418 704 469 negligendam
727 430 852 456 meam
876 418 1049 468 gratiam,
1070 419 1181 458 debet

80 470 215 518 valere,
235 471 337 522 quod
355 472 451 510 dixit
468 472 584 519 idem,
597 484 662 509 vos
680 483 747 509 nec
765 478 938 509 nocentes
955 483 1023 510 nec
1040 471 1180 522 litigio-

81 534 140 560 sos
165 537 255 571 esse,
282 537 357 576 quo
381 525 508 562 minus
531 538 594 562 me
615 524 718 575 apud
743 537 807 563 vos
835 524 956 563 valere
982 531 1178 575 oporteret.

80 575 202 622 Quasi
217 590 302 616 vero
319 579 360 615 in
377 578 541 616 amicitia
558 578 643 616 mezi
661 590 736 615 non
755 577 835 615 haec
852 577 1025 628 praesidia
1036 577 1085 621 (si
1104 590 1181 628 qua

80 628 175 667 forte
195 638 285 668 sunt
306 632 346 668 in
371 638 450 677 me)
469 638 598 682 parata
620 643 766 681 semper
787 630 917 669 amicis
941 643 1018 668 esse
1034 631 1182 669 malue-

80 681 168 728 rim,
199 697 315 734 quam
344 685 557 722 necessaria.
596 684 751 722 Etenim
776 696 845 734 ego
867 683 914 721 de
939 696 1002 722 me
1029 690 1181 722 tantum

82 735 203 774 audeo
229 737 364 783 dicere,
401 737 605 775 amicitiam
637 749 762 775 meam
789 736 973 787 voluptati
1007 736 1181 787 pluribus

82 801 199 839 quam
221 791 392 841 praesidio
414 791 528 828 fuisse
544 805 554 827 ε
583 803 721 840 meque
739 789 975 828 vehementer
986 789 1072 828 vitae
1086 802 1183 828 meae

80 843 339 892 poeniteret,²'si
358 844 396 881 in
415 844 501 881 mea
519 843 772 881 familiaritate
790 843 894 880 locus
911 849 1005 881 esset
1022 842 1180 891 nemini,

82 895 154 933 nisi
167 896 330 946 litigioso
349 904 415 935 aut
427 897 586 934 nocenti.

135 948 336 988 XXXIV.
365 950 440 989 Sed
456 950 541 997 hoc,
557 949 678 987 nescio
690 948 892 1000 quomodo,
911 947 1124 999 frequenter
1140 948 1182 986 in

84 1013 146 1040 me
166 1003 392 1054 congessisti,
413 1015 575 1054 saneque
593 1003 633 1040 in
652 1015 695 1040 eo
713 1003 838 1040 creber
855 1001 974 1049 fuisti,
993 1008 1030 1041 te
1048 1001 1185 1040 idcirco

83 1054 122 1091 in
142 1056 250 1094 ludos
268 1069 419 1094 causam
438 1056 618 1105 conjicere
635 1055 810 1102 noluisse,
831 1066 878 1092 ne
889 1067 971 1104 ego,
991 1054 1078 1093 me‘a
1095 1067 1184 1093 con-

84 1109 294 1157 suetudine,
315 1109 458 1161 aliquid
476 1109 522 1146 de
534 1109 688 1156 thensis,
708 1107 967 1146 misericordiae
985 1107 1111 1154 causa,
1126 1107 1184 1147 di-

83 1173 229 1207 cerem;
261 1163 363 1215 quod
387 1163 426 1200 in
451 1162 535 1199 aliis
563 1162 734 1200 aedilibus
761 1167 847 1199 ante
866 1160 1044 1199 fecissem.
1073 1160 1186 1199 Non-

83 1214 180 1252 nihil
197 1216 304 1266 egisti
329 1216 400 1254 hoc
426 1216 531 1253 loco:
567 1227 655 1252 nam
679 1213 776 1252 mihi
795 1213 964 1265 eripuisti
987 1225 1186 1252 ornamen-

84 1274 168 1305 tum
195 1269 371 1307 orationis
391 1281 497 1306 meae.
526 1268 749 1315 Deridebor,
770 1267 800 1305 si
822 1266 1052 1306 mentionem
1077 1266 1186 1304 then-

82 1332 210 1358 sin-um
228 1321 360 1370 fecero,
376 1334 465 1360 cum
484 1328 526 1358 tu
543 1321 583 1359 id
600 1320 840 1372 praedixeris:
870 1319 950 1358 sine
964 1318 1105 1358 thensis
1117 1333 1186 1358 au-

85 1381 177 1421 tem,
199 1375 292 1426 quid
309 1382 438 1426 potero
455 1374 577 1413 dicere
589 1377 607 1413 ἒ

138 1428 218 1466 Hic
239 1429 353 1466 etiam
375 1427 566 1475 addidisti,
591 1439 654 1465 me
676 1426 812 1465 idcirco
836 1425 924 1464 me'a
943 1425 1027 1476 lege
1049 1437 1096 1464 ex
1114 1425 1188 1464 isto

83 1481 230 1520 ambitu
261 1481 429 1528 traxisse,
462 1488 507 1519 ut
533 1480 819 1519 miserabiliores
846 1479 1012 1530 epilogos
1038 1491 1187 1530 possem

83 1534 216 1573 dicere.
256 1535 348 1572 Non
377 1534 481 1572 vobis
508 1534 635 1573 videor
659 1546 748 1571 cum
772 1532 901 1583 aliquo
924 1532 1186 1578 declamatore,

85 1599 163 1625 non
181 1600 269 1627 cum
287 1587 424 1626 laboris
443 1594 480 1625 et
497 1587 569 1625 fori
586 1586 783 1637 discipu10,
807 1585 997 1636 disputare
1010 1586 1028 1623 ἓ
1058 1584 1189 1623 Rhodi

85 1640 202 1687 enim,
234 1641 372 1691 inquit,
401 1652 478 1679 non
508 1640 592 1678 fui:
632 1652 695 1678 me
726 1639 808 1677 vult
842 1638 981 1676 fuisse:
1022 1638 1089 1675 sed
1115 1637 1188 1686 fui,

84 1692 222 1745 inquit,
243 1693 397 1742 Nicaeae,
427 1694 625 1744 (putabam
651 1692 871 1731 inVaccaeis
894 1691 1102 1739 dicturum)
1130 1691 1189 1729 bis

88 1744 149 1794 [in
167 1746 386 1798 Bithynia}
415 1747 457 1785 Si
480 1747 584 1784 locus
609 1746 724 1784 habet
741 1744 1036 1795 reprehensionis
1055 1756 1186 1782 ansam

85 1800 268 1851 aliquam,
283 1800 405 1837 nescio
424 1812 489 1837 cur
507 1798 727 1837 severiorem
742 1798 780 1836 N
784 1798 913 1836 icaeam
927 1804 1050 1848 puteS‚
1071 1809 1188 1847 quam

87 1853 283 1892 Rhodum.
312 1852 353 1891 Si
371 1852 570 1903 spectanda
588 1864 699 1889 causa
717 1858 796 1897 θεῖς
826 1858 863 1889 et
880 1858 922 1889 tu
945 1850 985 1887 in
1002 1849 1190 1900 Bithynia

88 1906 241 1945 summa
267 1918 355 1944 cum
376 1906 558 1956 dignitate
581 1904 700 1954 fuisti,
727 1911 764 1943 et
786 1917 854 1955 ego
873 1903 1003 1943 Rhodi
1021 1914 1097 1941 non
1114 1901 1189 1940 mi-

89 1972 191 1998 nore.

142 2013 262 2061 Nam,
281 2012 385 2064 quod
402 2012 441 2050 in
460 2024 503 2050 eo
520 2024 583 2050 me
600 2010 883 2063 reprehendisti,
906 2009 1009 2060 quod
1027 2007 1191 2046 nimium

87 2066 228 2105 multos
239 2065 469 2104 defenderim
482 2079 494 2111 ς
510 2065 658 2103 utinam
670 2072 706 2102 et
717 2072 774 2111 tu,
789 2063 857 2115 qui
868 2069 987 2114 potes,
1003 2069 1041 2100 et
1054 2060 1191 2108 caeteri,

89 2119 158 2171 qui
176 2118 390 2170 defugiunt,
410 2118 550 2157 vellent
567 2130 629 2156 me
647 2118 775 2156 labore
788 2117 859 2155 hoc
876 2117 999 2153 levare
1016 2114 1026 2152 Ξ
1056 2113 1132 2153 Sed
1149 2113 1192 2152 fit

89 2170 209 2214 vestra
238 2171 448 2224 diligentia,
478 2171 546 2223 qui
569 2171 609 2210 in
641 2171 760 2210 causis
787 2167 1036 2221 ponderandis
1062 2178 1192 2207 omnm
