1435 2328
185 79 263 118 126
505 74 619 115 PRO
647 72 820 114 DOMO
848 74 970 113 SUA.

186 184 272 238 ipsa
293 182 485 235 rogatione
508 182 606 221 nihil
627 183 779 229 tulerat,
806 181 1011 233 quominus
1033 180 1164 220 Cicero
1187 189 1295 232 esset,

188 251 267 278 non
274 238 388 277 modo
399 237 439 274 in
451 237 606 283 civium,
616 236 680 274 sed
692 235 806 274 etiam
817 236 856 272 in
870 243 1099 282 senatorum,
1113 248 1271 274 numero
1283 249 1297 281 ς

191 302 229 332 et
247 291 349 343 quod
368 291 407 328 in
425 291 508 341 lege
526 290 594 327 illa
612 289 835 340 suffragium
860 289 1014 336 tulerat,
1038 301 1113 326 non
1136 290 1301 340 populus

194 347 408 392 Romanus,
430 344 493 382 sed
513 343 720 381 multitudo
743 343 945 380 hominum
968 355 988 379 e
1010 342 1122 380 servis
1141 343 1304 381 conduc-

195 400 258 447 tis,
286 406 322 437 et
343 397 573 442 facinorosis,
594 404 631 434 et
650 396 860 447 egentibus,
882 403 1115 446 congregata.
1155 396 1304 443 Quinta

195 453 366 506 primum
397 451 518 489 eidem
544 450 679 488 Clodio
704 449 915 500 respondet,
943 450 1132 487 accusanti
1157 449 1306 488 Cicero-

196 519 300 554 nem,
321 505 423 557 quod
449 505 496 542 de
521 517 559 542 se
582 503 661 554 ipse
679 503 876 553 gloriosius
899 503 1140 554 praedicaret:
1171 502 1307 541 deinde

197 560 257 608 iis,
282 559 349 610 qui
374 557 577 607 objicerent
602 557 636 594 ei
661 557 863 594 discessum
890 570 909 594 e
934 557 1067 606 patria.
1105 558 1233 603 Sexta,
1260 557 1308 594 de

199 613 313 651 domo
338 611 592 661 recuperanda
620 617 807 661 quantum
832 610 990 655 laboret,
1017 623 1210 661 quamque
1235 610 1310 648 im-

199 668 316 719 probe
336 664 492 703 Clodius
517 664 644 701 fecerit
668 664 707 700 in
727 663 771 700 ea
790 662 1011 710 dedicanda,
1039 671 1076 700 et
1094 664 1186 714 quid
1205 677 1310 714 spec-

200 720 304 766 tarit,
320 717 493 756 ostendit.
518 717 715 754 Dedicatio
727 717 977 766 improbatur,
991 717 1093 768 quod
1104 730 1180 755 non
1195 717 1314 756 affue-

200 774 250 811 rit
269 771 471 821 collegium
489 770 727 821 pontificum,
749 769 812 807 sed
831 782 932 807 unus
957 777 1107 808 tantum
1125 771 1311 822 pontifex,

200 826 309 878 isque
327 825 441 862 frater
463 824 591 861 uxoris
617 823 756 869 Clodii,
779 822 991 861 adolescens
1015 823 1227 874 imperitus,
1246 837 1315 863 no-

201 893 272 918 vus
292 878 474 925 sacerdos,
489 877 622 915 sororis
639 876 826 927 precibus,
839 877 970 914 matris
982 877 1096 915 minis
1115 878 1314 926 adductus,

203 940 331 971 mente
361 939 397 970 et
422 931 555 981 lingua
577 931 776 968 titubante.
806 931 856 967 In
880 931 1050 968 extrema
1067 939 1172 982 parte
1190 945 1317 983 preces

203 986 253 1025 ad
271 987 300 1024 J
302 999 426 1033 ovem,
446 985 657 1030 Junonem,
679 983 912 1032 Minervam,
933 984 981 1022 ad
999 985 1139 1035 patrios
1154 985 1316 1025 Penates

205 1047 243 1079 et
265 1039 482 1085 familiares,
511 1038 559 1075 ad
578 1038 751 1085 Vestam,
775 1037 1038 1083 continentum
1069 1046 1127 1086 ut,
1155 1039 1186 1076 si
1210 1039 1315 1078 nefa-

204 1094 302 1132 riam
321 1093 518 1130 flammam
537 1093 584 1129 ab
604 1103 734 1129 eorum
752 1091 904 1142 templis
923 1104 965 1129 ac
983 1091 1148 1130 delubris
1159 1092 1316 1144 depule-

206 1147 256 1184 rit
269 1161 281 1192 ς
312 1147 343 1184 si
362 1159 472 1184 suum
488 1152 615 1196 caput,
625 1157 694 1195 pro
708 1157 838 1182 eorum
853 1145 1076 1183 caerimoniis
1090 1153 1204 1198 atque
1218 1154 1315 1185 tem-

205 1200 292 1251 plis,
302 1199 640 1250 perditissimorum
655 1197 795 1235 civium
803 1198 920 1236 furori
932 1198 1105 1250 ferroque
1115 1201 1175 1249 obj
1181 1200 1312 1247 ecerit3

206 1254 238 1291 si
247 1253 343 1290 nihil
356 1264 528 1303 unquam
543 1251 678 1301 magis,
695 1264 813 1302 quam
827 1251 874 1289 de
882 1251 1097 1303 reipublicae
1109 1253 1242 1303 salute,
1257 1255 1315 1292 la-

204 1306 416 1351 boraverit3
446 1306 548 1343 hunc
566 1305 733 1342 fructum
751 1304 861 1352 ferat,
881 1314 925 1342 ut
944 1306 1014 1343 sibi
1032 1306 1151 1345 redire
1168 1307 1208 1345 in
1227 1321 1315 1346 suas

206 1359 310 1398 sedes
328 1359 448 1397 liceat.
486 1358 703 1408 Iisdemque
727 1359 914 1408 precibus,
935 1371 1134 1398 conversus
1153 1361 1201 1399 ad
1219 1375 1314 1413 pon..

206 1413 337 1461 tifices,
357 1413 491 1459 utitur,
511 1419 568 1459 ut,
596 1413 643 1450 ab
662 1411 752 1462 ipsis
767 1413 849 1460 jam
868 1413 907 1449 in
925 1413 1088 1463 patriam
1107 1415 1314 1465 restitutus,

206 1479 322 1513 nunc,
343 1473 493 1504 auctore
512 1473 657 1514 senatu,
673 1466 849 1504 manibus
869 1479 999 1505 eorum
1017 1467 1058 1505 in
1077 1468 1153 1507 suis
1167 1469 1318 1509 sedibus

208 1520 421 1559 collocetur.
