1425 2334
374 62 485 101 PRO
516 63 748 102 FLACCO.
780 65 882 100 CAP.
906 64 967 101 42.
1172 65 1216 101 41

116 163 298 214 Romani,
313 181 390 206 uno
408 170 508 207 orbis
526 177 634 208 terrae
647 170 874 216 testimonio,
888 170 925 207 in
947 171 1082 208 coelum
1102 170 1226 208 laudi„

115 219 186 256 bus
215 218 494 260 efferebantur⁹
526 235 628 262 nunc
657 236 798 270 vereor,
833 236 881 261 ne
909 235 985 261 non
1011 223 1124 261 modo
1149 236 1223 261 11011

113 271 272 322 prosint,
293 288 426 313 verum
454 276 568 314 etiam
595 277 741 327 aliquid
759 276 894 314 obsint.
925 276 1082 314 Etenim
1100 278 1225 315 multo

109 324 290 365 acriorem
309 328 570 379 improborum
588 329 779 367 interdum
798 329 1023 368 memoriam
1044 343 1121 368 esse
1141 343 1223 367 sen-

110 377 179 424 fio,
199 392 316 430 quam
334 384 532 420 bonorum.
570 383 657 433 Ego
675 390 725 427 te,
750 383 781 421 si
799 383 893 433 quid
911 383 1062 433 graxius
1082 383 1224 421 accide-

112 430 176 478 rit,
196 445 266 485 ego
291 442 341 481 te,
361 435 534 486 inquam,
555 436 702 484 Plance,
733 436 954 496 prodidero.
985 449 1070 473 mea
1094 436 1226 474 dextra

110 483 192 531 1113,
207 499 293 525 mea
309 488 417 536 fides,
428 502 516 526 mea
527 490 724 540 promissa,
738 503 825 527 cum
840 496 890 537 te,
904 490 934 527 si
948 489 1223 540 rempublicam

110 533 426 598 conservaremus,
458 543 631 580 omnium
658 545 845 581 bonorum
876 542 1066 593 praesidio,
1098 543 1223 593 quoad

110 591 265 640 viveres,
281 607 357 632 non
375 596 490 633 modo
503 608 612 633 mum
615 604 712 643 tum,
730 597 793 634 sed
805 596 918 634 etiam
937 603 1127 643 ornatum,
1143 595 1223 633 fore

109 645 322 694 pollicebar.
353 649 505 697 Putavi,
520 650 678 699 speravi,
699 650 813 688 etiam
832 650 864 687 si
882 649 1000 687 honos
1019 656 1145 687 noster
1156 662 1220 686 vo-

109 697 168 735 bis
185 700 294 738 vilior
311 701 457 749 fuisset,
478 703 638 740 salutem
657 712 754 741 certe
773 716 898 740 earam
917 703 1099 740 futuram.

159 753 219 790 At
238 754 285 791 L.
299 754 480 792 Flaccum
499 755 668 807 quidem,
686 756 845 816 judicses
863 756 893 794 si
913 755 1034 806 (quod
1060 754 1157 792 Dii
1147 768 1221 792 im-

109 807 286 845 mortales
316 820 428 846 omen
454 809 649 846 avertant!
657 818 671 856 )
695 809 818 859 gravis
843 810 985 858 injuria
1014 808 1216 851 afflixerit:

107 869 308 910 nunquam
319 869 446 898 tamen
458 863 693 913 prospexisse
703 876 726 900 1
729 870 835 900 estrae
849 862 975 907 saluti,
991 861 1221 899 80115111111558

108 912 228 960 vobis,
248 913 388 962 liberis,
409 915 647 966 conjugibus,
668 916 828 954 fortunis
847 916 992 963 vestris,
1012 914 1219 966 poenitebit.

108 963 268 1026 Semper
285 967 339 1005 ita
363 969 508 1015 sentiet,
528 969 645 1006 talem
668 982 707 1007 se
725 969 896 1006 animum
917 976 953 1005 et
971 967 1117 1019 generis
1135 967 1220 1017 dig-

107 1018 232 1066 nitati,
245 1027 282 1058 et
296 1020 426 1081 pietati
443 1035 534 1069 suae,
556 1028 593 1058 et
606 1022 751 1072 patriae,
767 1023 965 1060 debuisse:
992 1034 1058 1059 vos
1075 1033 1123 1058 ne
1140 1034 1219 1071 poe-

106 1072 224 1110 niteat
234 1073 302 1110 tali
313 1074 385 1112 civi
398 1086 474 1112 non
486 1075 706 1126 pepercisse,
724 1079 807 1126 (per
818 1075 921 1113 Deos
939 1073 1172 1112 immortales
1187 1073 1217 1120 !)

103 1125 263 1174 judiees,
277 1127 480 1177 providete.
495 1128 648 1175 Quotus
662 1129 764 1167 enim
779 1129 940 1179 quisque
955 1135 1022 1175 est,
1039 1127 1107 1178 qui
1120 1127 1219 1164 hanc

107 1178 147 1216 in
166 1179 357 1229 republica
378 1188 518 1219 sectam
543 1184 752 1232 sequatur?
782 1182 849 1232 qui
872 1181 990 1228 vobis,
1018 1180 1086 1231 qui
1105 1179 1218 1217 vestri

104 1232 293 1271 similibus
307 1234 453 1284 placere
471 1234 628 1285 cupiat?
659 1235 726 1286 qui
744 1234 879 1285 optimi
897 1242 1010 1294 atque
1029 1233 1217 1283 amplissi-

108 1285 162 1323 mi
181 1287 364 1338 cujusque
375 1287 540 1326 hominis
555 1295 668 1339 atque
680 1288 819 1326 ordinis
834 1287 1092 1325 auctoritatem
1108 1298 1217 1336 mag

106 1340 148 1377 111
165 1347 297 1389 putet3
327 1353 414 1378 cum
438 1341 546 1378 illam
563 1342 704 1379 viam<
688 1341 759 1379 sibi
777 1341 929 1379 videant
947 1339 1216 1390 expeditiorem

104 1393 154 1431 ad
172 1393 344 1439 honores,
365 1402 402 1431 et
418 1394 467 1432 ad
484 1394 613 1432 omnia
627 1408 712 1446 quae
731 1394 1058 1445 concupiverunt?

159 1446 298 1484 XLII.
329 1447 404 1485 Sed
425 1455 558 1485 caetera
582 1448 656 1485 sint
679 1461 833 1486 eorum:
865 1448 936 1485 sibi
959 1447 1125 1484 habeant
1149 1458 1218 1496 po-

104 1499 277 1547 tentiam,
299 1500 370 1537 sibi
394 1500 566 1547 honores,
591 1501 662 1539 sibi
684 1509 903 1539 caeterorum
931 1499 1216 1538 commodorum

107 1566 276 1592 summas
294 1553 512 1592 facultates:
541 1554 651 1592 liceat
668 1554 728 1600 iis,
750 1555 817 1605 qui
834 1554 915 1591 haec
934 1554 1036 1591 salva
1054 1565 1133 1590 esse
1151 1565 1216 1590 vo-

109 1607 276 1652 luerunt,
291 1606 382 1657 ipsis
396 1620 475 1645 esse
493 1607 615 1645 salvis.
647 1608 790 1655 Nolite,
807 1607 966 1656 judices,
987 1605 1214 1653 existimare,

108 1673 185 1706 eos,
199 1660 338 1711 quibus
351 1660 542 1711 integrum
557 1668 625 1708 est,
640 1660 707 1712 qui
718 1661 890 1698 nondum
909 1660 957 1698 ad
976 1660 1136 1697 honores
1155 1671 1218 1696 ac-

108 1720 310 1760 cesserunt,
326 1725 403 1751 non
415 1721 628 1764 exspectare
642 1715 758 1763 hujus
772 1714 918 1751 exitum
934 1712 1078 1762 judicii.
1109 1712 1150 1750 Si
1166 1712 1214 1749 L.

110 1767 246 1804 Flacco
261 1773 387 1805 tantus
406 1779 511 1805 amor
529 1767 569 1804 in
586 1769 703 1805 bonos
726 1779 870 1813 omnes,
890 1774 1039 1804 tantum
1058 1765 1098 1802 in
1116 1778 1217 1802 rem-

106 1819 300 1870 publicam
325 1820 508 1868 studium,
535 1820 739 1858 calamitati
760 1819 898 1864 fuerit,
887 1833 897 1843 ·
928 1832 1043 1871 quem
1061 1819 1217 1869 posthac

110 1881 190 1910 tarn
208 1880 396 1911 amentem
415 1872 494 1911 fore
510 1874 667 1924 putatis,
687 1872 754 1924 qui
771 1885 847 1911 non
869 1873 976 1910 1113111
994 1872 1096 1910 viam
1114 1871 1215 1917 vitae,

111 1938 229 1977 quam
247 1933 333 1964 ante
350 1927 581 1978 praecipitem
593 1934 628 1964 et
639 1926 824 1965 lubricam
844 1939 921 1964 esse
939 1926 1112 1970 ducebat,
1127 1925 1217 1962 huic

109 1979 236 2030 planae
251 1986 287 2016 et
305 1979 430 2017 stabili
443 1980 736 2031 praeponendam
752 1993 829 2017 esse
843 1979 1075 2017 arbitretur?
1097 1977 1216 2024 Quod

110 2032 143 2070 si
162 2032 298 2069 talium
315 2032 455 2070 civium
473 2045 551 2080 vos,
567 2033 727 2082 judices,
743 2032 879 2078 taedet;
904 2031 1108 2070 ostendite.
1130 2044 1215 2067 mu-

112 2086 249 2123 tabunt
275 2086 510 2133 sententiam,
537 2086 604 2137 qui
628 2093 828 2137 poterunt.
861 2085 1100 2146 constituent,
1124 2083 1217 2142 quid

110 2146 241 2188 agant,
269 2138 406 2196 quibus
424 2139 612 2189 integrum
633 2146 711 2176 est:
742 2151 823 2186 1105,
845 2138 911 2189 (1111
927 2151 1011 2227 :J3am
1034 2135 1218 2187 progressi

879 2201 904 2227 Ε
