1455 2343
196 75 280 113 226
452 75 566 115 PRO
596 75 864 116 PLANCIO.
890 75 997 115 (ΒΑΓ.
1025 77 1064 115 9.

196 181 305 220 nobis
323 182 482 234 aliquid,
502 183 647 235 aliquid
665 191 763 222 certe
774 183 823 222 de
837 183 882 222 C.
897 182 1040 231 Mario,
1056 181 1301 221 audiendum.

197 235 376 274 Primum
393 237 510 287 igitur
530 237 592 275 hic
609 237 744 276 habuit
768 237 893 275 studia
921 249 1077 275 suorum
1106 235 1302 280 ardenam

195 295 239 326 tu
258 296 377 339 tanta,
397 298 540 341 quanta
553 291 593 328 in
611 291 829 329 hominibus
850 292 932 341 jam
956 289 1130 329 saturatis
1148 288 1301 327 honori-

199 343 271 380 bus
291 356 369 381 esse
387 351 604 394 potuerunt.

250 395 401 435 Deinde
419 398 476 436 tui
493 398 705 449 municipes
722 405 813 436 sunt
829 398 886 435 illi
905 398 1060 449 quidem
1079 395 1304 448 splendidis-

195 449 283 488 simi
300 450 485 499 homines,
504 452 570 489 sed
585 459 713 490 tamen
734 452 860 502 pauci,
881 451 912 489 si
934 451 1091 502 quidem
1112 463 1199 489 cum
1217 449 1309 487 Ati-

196 504 348 542 natibus
372 505 641 551 conferantur,
630 519 639 529 ·
670 506 787 554 hujus
814 505 1050 556 praefectura,
1070 505 1185 555 plena
1208 503 1307 541 viro-

197 569 285 594 rum
303 557 608 605 fortissimorum,
628 559 681 597 sic
698 566 743 597 ut
760 559 868 596 nulla
890 558 970 599 tota
996 558 1112 596 Italia
1129 557 1308 608 frequen-

197 610 270 648 tior
288 611 362 650 dici
380 613 508 663 possit.
548 612 680 660 Quam
706 612 864 663 quidem
893 624 996 650 nunc
1019 611 1308 649 multitudinem

197 663 346 713 videtis,
364 665 547 714 judices,
537 678 577 702 111
597 666 770 717 squalore
786 673 825 704 et
842 667 949 703 luctu
964 665 1173 716 supplicem
1189 664 1306 702 vobis

201 717 259 755 Hi
278 725 332 757 tot
351 719 495 769 equites
515 719 696 768 Romani,
717 726 773 758 tot
791 719 936 758 tribuni
954 719 1088 767 aerarii,
1110 723 1216 762 (nam
1228 717 1311 768 ple-

198 773 287 809 bem
312 785 335 810 a
360 772 504 821 judicio
534 773 762 820 dimisimus,
794 787 882 824 quae
909 779 1044 811 cuncta
1070 771 1233 810 comitiis
1254 770 1312 808 af-

197 824 289 872 suit)
309 826 403 877 quid.
420 826 576 875 roboris,
597 827 691 879 quid
709 827 916 878 dignitatis,
932 826 1048 876 hujus
1061 824 1234 877 petitioni
1252 831 1311 862 at-

198 879 398 917 tulerunt?
441 881 533 918 Non
561 881 663 919 enim
692 881 836 919 tribum
863 879 1112 918 Terentinam
1140 879 1206 923 (de
1231 891 1309 929 qua

199 932 326 970 dicam
342 933 419 972 alio
434 934 551 981 loco),
572 934 635 972 sed
655 934 894 985 dignitatem,
920 933 988 972 sed
1005 933 1202 972 oculorum
1218 944 1308 970 con·

196 987 357 1046 jectum,
371 987 435 1026 sed
450 988 611 1026 solidam
624 995 661 1026 et
673 990 865 1027 robustam
881 995 918 1026 et
929 987 1120 1026 assiduam
1133 986 1312 1037 frequen-

201 1047 310 1088 tiam,
318 1043 575 1092 praebuerunt
597 1042 627 1080 J
629 1055 693 1080 am
704 1042 913 1094 municipia
928 1039 1312 1091 conjunctioneetiam

206 1093 411 1132 vicinitatis
429 1095 670 1134 vehementer
684 1103 899 1134 moventur.

257 1147 334 1185 IX.
363 1148 523 1196 Omnia,
547 1163 634 1201 quae
650 1150 736 1188 dico
759 1149 807 1188 de
832 1149 1003 1196 Plancio,
1030 1148 1117 1187 dico
1132 1153 1313 1199 expertus

202 1200 246 1239 in
255 1201 366 1240 nobis
379 1216 390 1239 ε
410 1215 544 1241 sumus
556 1203 658 1242 enim
670 1203 824 1241 finitimi
834 1203 1072 1241 Atinatibus.
1101 1199 1314 1240 Laudanda

200 1261 273 1303 est,
293 1255 354 1293 vel
371 1255 486 1293 etiam
503 1257 682 1304 amanda,
698 1257 885 1303 vicinitas,
904 1256 1068 1294 retinens
1086 1262 1248 1294 veterem
1266 1254 1315 1292 il-

203 1308 289 1346 lum
307 1308 420 1347 officii
437 1322 598 1357 morem,
618 1323 695 1348 non
713 1310 900 1348 infuscata
927 1309 1206 1354 malevolentia,
1236 1319 1314 1345 non

204 1369 355 1400 assueta
368 1363 586 1411 mendaciis,
600 1375 677 1402 non
690 1364 830 1411 fucata,
847 1376 923 1401 non
935 1363 1067 1410 fallax,
1079 1375 1156 1400 non
1167 1360 1315 1400 erudita

199 1415 359 1454 artificio
373 1416 628 1455 simulationis
647 1417 708 1455 vel
718 1419 936 1455 suburbano
951 1417 1011 1454 vel
1028 1416 1143 1456 etiam
1155 1416 1313 1454 urbano.

203 1469 332 1507 Nemo
349 1469 521 1521 Arpinas
539 1482 615 1509 non
635 1471 792 1509 Plancio
811 1470 971 1518 studuit,
997 1482 1110 1508 nemo
1127 1469 1312 1515 Soranus,

201 1535 315 1561 nemo
328 1523 500 1572 Casinas,
520 1537 632 1562 nemo
651 1524 841 1575 Aquinas.
870 1524 993 1562 Totus
1014 1523 1079 1562 ille
1097 1530 1238 1561 tractus
1252 1534 1316 1560 ce-

199 1576 437 1625 leberrimus,
452 1578 707 1625 Venafranus,
721 1577 930 1623 Allifanus,
947 1584 1026 1615 tota
1043 1576 1207 1628 denique
1224 1588 1313 1614 nos-

201 1636 261 1668 tra
278 1630 345 1668 illa
365 1644 510 1682 aspera,
530 1639 568 1670 et
585 1638 798 1692 montuosa,
819 1639 856 1670 et
873 1631 1008 1677 fidelis,
1027 1638 1065 1669 et
1082 1630 1262 1691 simplex,
1277 1635 1315 1667 et

201 1683 345 1722 fautrix
363 1696 519 1722 suorum
537 1685 654 1736 regio,
674 1698 713 1723 se
731 1686 848 1734 hujus
865 1685 1007 1723 honore
1025 1684 1164 1731 ornari,
1182 1695 1224 1722 30
1240 1696 1312 1720 au·-

201 1737 282 1788 geri
293 1737 490 1789 dignitate,
510 1739 785 1777 arbitrabatur.
805 1738 1016 1789 iisdemque
1027 1750 1130 1776 nunc
1143 1750 1167 1775 a
1182 1735 1314 1774 muni-

201 1790 311 1842 cipiis
329 1791 468 1830 adsunt
485 1793 628 1843 equites
648 1792 817 1831 Romani
839 1792 1006 1843 publice,
1016 1804 1108 1830 cum
1119 1790 1317 1842 legationis

203 1844 442 1883 testimonio.
431 1860 442 1869 ·
489 1858 559 1884 nec
594 1846 743 1884 minore
786 1858 889 1884 nunc
925 1852 1015 1884 sunt
1050 1843 1315 1890 sollicitudine,

203 1911 322 1949 quam
340 1906 425 1937 tum
445 1905 551 1937 erant
568 1899 722 1937 studio:
753 1900 893 1938 etenim
919 1906 974 1937 est
993 1898 1146 1949 gravius
1164 1896 1318 1957 spoliari

203 1951 379 1999 fortunis,
400 1965 516 2003 quam
531 1964 607 1991 non
624 1953 757 2003 augeri
767 1953 962 2004 dignitate.
991 1952 1111 2003 Ergo,
1127 1958 1172 1989 ut
1184 1949 1287 1989 alia
1276 1962 1318 1987 in

204 2011 243 2044 te
261 2014 367 2044 erant
385 2005 603 2053 illustriora,
623 2006 851 2050 Laterensis,
875 2020 965 2058 quae
991 2005 1062 2044 fibi
1079 2005 1242 2055 majoroe
1258 2003 1318 2041 tui

205 2059 464 2111 reliquerant:
495 2060 548 2098 sic
566 2067 603 2098 te
622 2060 801 2098 Plancius
818 2061 890 2098 hoc
908 2071 985 2097 non
1003 2059 1129 2098 solum
1153 2057 1319 2096 munici-

205 2112 275 2163 pii,
309 2125 442 2152 verum
472 2113 588 2152 etiam
618 2113 832 2163 vicinitatis,
862 2125 997 2165 genere
1022 2111 1218 2151 vincebat·
1248 2110 1320 2149 nisi
