1425 2334
320 102 382 141 IN
405 102 718 142 VATINIUM.
747 103 851 143 CAP.
876 105 936 141 11.
1096 101 1174 145 337

77 217 189 260 pente
205 221 405 257 revocares,
420 209 682 260 colloquerere,
702 210 843 260 populo
858 210 1032 248 Romano
1046 210 1176 248 viden-

78 270 136 302 te.
128 266 145 291 ⁹
186 261 319 300 deinde
353 262 611 312 interrogares,
649 275 874 312 ecquosnam
917 262 1008 300 alios
1048 269 1174 312 posset

76 316 299 353 nominare?
328 314 585 361 inculcarisne,
615 323 658 352 ut
686 316 729 353 C.
762 316 953 362 Pisonem,
990 328 1170 365 generum

75 381 219 415 meum,
233 368 469 412 nominaret;
490 368 570 419 qui,
590 368 629 405 in
649 369 799 406 summ-22
817 369 924 419 copia
942 369 1172 428 optimorum

75 421 379 482 adolescentium,
399 422 481 472 pari
499 421 737 467 continentia,
751 422 900 467 virtute,
920 422 1070 472 pietate,
1084 423 1170 459 reli-

75 475 160 525 quit
177 474 367 512 neminem
380 477 397 513 ?
426 475 591 525 itemque
612 474 671 512 M.
701 475 955 521 Laterensem,
975 474 1170 512 hominem

74 527 154 565 dies
182 534 296 578 atque
321 535 446 565 noctes
475 527 521 565 de
538 527 650 565 laude
679 535 715 565 et
733 528 778 565 de
797 527 987 578 republica
1007 528 1171 578 cogitan-

75 582 184 618 tem?
217 580 528 631 promulgarisne,
565 581 817 631 impurissime
853 588 889 618 et
924 580 1171 631 perditissime

74 634 204 680 hostis,
225 633 467 684 quaestionem
487 633 533 672 de
550 641 606 671 tot
616 634 855 684 amplissimis
870 641 906 672 et
917 634 1053 671 talibus
1067 634 1168 681 viris,

74 686 256 724 indicium
275 686 417 731 Vettio,
431 687 586 737 praemia
603 687 865 737 amplissima?
895 687 1032 737 quibus
1045 688 1169 732 rebus,

74 740 246 777 omnium
261 739 478 777 mortalium
496 752 571 777 non
591 740 782 778 voluntate
800 740 865 777 sed
879 740 1042 777 convicio
1060 752 1171 790 repu-

74 793 208 837 diatis3
239 792 439 843 fregerisne
457 793 494 830 in
515 806 657 831 carcere
675 794 831 831 cervices
855 793 927 843 ipsi
950 793 1007 830 illi
1025 793 1168 836 Vettio,

73 857 122 883 ne
141 845 243 897 quod
267 845 448 883 indicium
467 846 630 897 corrupti
661 846 788 884 indicii
811 853 984 894 exstaret,
1015 847 1172 896 ejusque

74 899 220 937 sceleris
238 899 278 936 in
298 907 334 936 te
351 899 477 950 ipsum
497 899 652 950 quaestio
671 900 930 950 flagitaretur?

126 952 194 997 Et,
214 952 393 1003 quoniam
412 954 539 990 crebro
557 966 728 1003 usurpas,
758 953 879 1003 legem
901 959 936 990 te
954 952 1000 989 de
1022 951 1173 989 alternis

73 1005 235 1043 consiliis
253 1005 462 1054 rejiciendis
481 1006 634 1050 tulisse3
664 1013 707 1043 ut
736 1018 864 1043 omnes
889 1005 1113 1054 intelligant,
1134 1013 1171 1041 te

71 1070 120 1096 ne
138 1066 235 1096 recte
254 1058 406 1109 quidem
426 1059 544 1097 facere
565 1059 642 1096 sine
660 1060 793 1097 scelere
820 1058 995 1109 potuisse,
1027 1070 1167 1108 quaero,

73 1123 161 1149 cum
179 1112 242 1149 lex
261 1119 354 1149 esset
382 1125 490 1162 aequa
520 1113 760 1162 promulgata
787 1112 894 1149 initio
915 1111 1167 1161 magistratus,

73 1165 213 1202 multas
240 1165 353 1202 etiam
382 1165 472 1202 alias
502 1165 661 1211 tulisses,
693 1164 977 1215 exspectarisne,
1007 1164 1100 1201 dum
1122 1164 1168 1201 C.

70 1218 265 1255 Antonius
280 1231 363 1256 reus
375 1218 479 1255 fieret
489 1218 592 1267 apud
607 1218 677 1255 Cn.
695 1218 903 1255 Lentulum
917 1216 1170 1255 Clodianum?

73 1278 123 1317 et,
144 1278 388 1322 posteaquam
406 1271 471 1309 ille
490 1279 544 1308 est
562 1284 646 1309 reus
665 1271 797 1317 factus,
818 1271 944 1308 statim
959 1270 1088 1307 tuleris
1110 1268 1169 1317 [in

72 1325 197 1375 eum],
218 1324 284 1375 qui
303 1332 408 1361 tuam
429 1327 456 1346 “
476 1332 560 1375 post
577 1325 698 1374 legem
718 1337 803 1361 reus
821 1324 940 1361 factus
958 1330 1052 1360 esset
1064 1323 1104 1367 ;''
1127 1330 1168 1359 ut

70 1377 185 1415 homo
215 1377 417 1414 consularis
443 1378 647 1425 (exclusus,
675 1377 801 1423 miser,
818 1385 956 1427 puncto
974 1375 1168 1426 temporis)

70 1431 291 1481 spoliaretur
308 1431 486 1468 beneficio
505 1437 541 1467 et
560 1431 734 1480 aequitate
751 1430 845 1480 legis
862 1429 966 1467 tuae?

124 1483 252 1531 Dices,
272 1483 564 1521 familiaritatem
584 1483 652 1521 tibi
670 1484 784 1521 fuisse
798 1496 885 1521 cum
904 1482 955 1529 Q.
977 1481 1166 1519 Maximo.

72 1536 256 1574 Praeclara
283 1535 449 1575 defensio
476 1536 648 1575 facinoris
666 1536 749 1574 tui:
779 1548 869 1574 nam
894 1535 1062 1573 Maximi
1086 1535 1170 1585 qui-

71 1589 158 1627 dem
187 1601 337 1627 summa
367 1590 450 1628 laus
482 1597 551 1636 est,
585 1590 718 1627 sumtis
749 1589 967 1637 inimicitiis,
999 1587 1169 1637 suscepta

71 1640 194 1690 causa,
222 1642 417 1693 quaesitore
435 1643 662 1694 consilioque
690 1643 846 1690 delecto,
876 1641 1166 1680 commodiorem

69 1695 223 1732 inimico
251 1707 318 1733 suo
346 1695 596 1734 conditionem
625 1696 833 1745 rejectionis
862 1695 949 1732 dare
976 1694 1165 1731 noluisse:

69 1748 241 1799 nihilque
260 1747 460 1786 Maximus
477 1749 564 1787 fecit
582 1748 749 1786 alienum
764 1756 831 1786 aut
848 1748 918 1786 su⁶a
935 1748 1084 1793 virtute,
1101 1752 1167 1783 aut

68 1800 144 1839 illis
169 1800 256 1839 viris
285 1801 512 1849 clarissimis,
542 1802 687 1849 Paulis,
715 1801 917 1847 Maximis,
949 1799 1164 1842 Africanis;

52 1897 54 1899 ¹
70 1866 233 1904 quorum
252 1853 411 1904 gloriam
429 1854 544 1903 hujus
571 1855 709 1894 virtute
726 1861 943 1893 renovatam
962 1865 1037 1890 non
1055 1851 1168 1889 modo

69 1919 276 1957 speramuS,
302 1919 433 1944 verum
463 1908 576 1945 etiam
601 1909 682 1956 jam
712 1908 893 1946 videmus.
933 1899 1022 1943 Tua
1048 1904 1167 1950 fraus,

70 1967 181 1997 tuum
200 1959 443 2006 maleficium,
463 1967 574 1998 tuum
593 1961 712 1999 scelus
730 1960 826 1998 illud
845 1968 912 2005 est,
932 1966 969 1996 te
992 1958 1045 2004 id,
1065 1957 1168 2008 quod

70 2013 345 2063 promulgasses
374 2013 634 2052 misericordiae
661 2014 826 2060 nomine,
861 2013 908 2050 ad
940 2009 1167 2049 crudelitatis

70 2073 221 2116 tempus
232 2065 432 2103 distulisse.
460 2067 522 2104 Ac
540 2079 641 2105 nunc
659 2067 812 2118 quidem
832 2066 876 2102 C.
892 2063 1085 2102 Antonius
1096 2063 1166 2100 hac

53 2162 55 2166 Α
69 2118 148 2156 una
165 2131 204 2156 re
223 2118 411 2157 miseriam
425 2132 534 2158 suam
546 2121 770 2168 consolatur,
784 2118 913 2170 quod
904 2117 1088 2168 imagines
1099 2128 1167 2166 pa-

126 2173 256 2211 (Ormar
265 2180 276 2217 )
294 2183 318 2206 x
326 2183 395 2209 or.
420 2183 491 2210 111.
827 2174 851 2209 2
873 2182 897 2207 G
