1389 2339
322 114 435 152 PRO
465 114 665 153 COELIO.
697 115 799 154 CAP.
828 115 892 152 32.
1081 113 1160 156 375

61 213 132 262 bis,
162 217 386 269 significant,
416 234 503 272 quae
531 222 677 259 virtutis
706 221 916 267 maturitas,
947 228 983 258 et
1010 226 1162 270 quanta

60 265 188 326 fruges
204 271 398 312 industriae
416 275 491 312 sint
507 275 656 312 futurae.
686 274 840 312 Etenim
860 285 1005 324 semper
1022 283 1162 324 magno

61 323 213 372 mgenio
226 325 474 365 adolescentes
492 327 702 366 refrenandi
716 327 841 378 potius
859 339 881 364 a
894 326 1028 376 gloria,
1044 337 1160 377 quam

63 373 257 427 incitandi,
276 379 430 418 fuerunt
446 395 455 418 :
486 381 719 431 amputanda
737 381 848 431 plura
865 387 954 417 sunt
971 379 1028 416 illi
1045 378 1161 425 aetati,

62 427 249 478 siquidem
264 433 458 471 efflorescit
468 434 609 484 ingenii
620 433 808 476 laudibus,
823 445 939 484 quam
952 431 1162 470 inserenda.

65 479 211 531 Quare,
235 485 266 523 si
287 487 349 523 cui
370 486 532 524 nimium
559 486 742 524 effervisse
769 486 916 524 videtur
943 485 1075 534 hujus,
1102 484 1161 523 vel

63 532 102 570 in
122 537 364 588 suscipiendis
382 540 442 577 vel
459 541 498 577 in
518 540 687 590 gerendis
706 538 923 586 inimicitiis,
944 538 1012 585 vis,
1032 537 1164 576 feroci-

63 594 132 633 taS‚
153 591 379 640 pertinacia;
410 593 442 630 si
460 607 574 643 quem
594 593 705 630 etiam
731 593 919 630 minorum
940 591 1077 629 horum
1096 590 1165 628 ali-

61 641 155 689 quid
173 643 329 682 offendit
343 659 356 690 ς
385 646 417 683 si
435 659 613 696 purpurae
631 658 764 695 genus,
777 645 807 683 si
825 645 1032 683 amicorum
1047 650 1165 682 cater-

63 705 132 741 vae,
153 695 185 733 si
204 697 393 747 splendor,
414 700 444 736 si
462 699 584 743 nit0r;
611 700 693 747 jam
718 699 789 736 ista
816 697 1053 745 deferverint,
1081 697 1162 746 jam

61 753 150 786 aetas
167 751 309 797 omnia,
325 752 405 800 jam
428 751 547 803 [ipsa]
569 751 661 798 dies,
680 750 872 802 mitigarit.

114 801 300 842 XXXII.
329 805 555 843 Conservate
567 806 683 855 igitur
693 805 920 856 reipublicae,
934 803 1092 853 judices,
1113 803 1164 841 ci-

61 866 145 892 vem
165 857 347 894 bonarum
377 859 530 904 artium,
559 860 743 896 bonarum
768 858 948 908 partium,
976 858 1163 895 bonorum

60 907 238 946 virorum.
270 910 455 949 Promitto
473 912 543 949 hoc
562 912 680 959 vobis,
702 919 737 949 et
752 911 965 961 reipublicae
983 909 1162 961 spondeo,

60 961 91 996 si
110 962 222 1000 modo
241 975 307 1001 nos
333 964 405 1015 ipsi
431 965 646 1014 reipublicae
673 964 931 1011 satisfecimus,
963 975 1161 1014 nunquam

59 1013 161 1052 hunc
180 1028 202 1053 a
216 1017 349 1055 nostris
363 1017 568 1056 rationibus
580 1019 792 1067 sejunctum
810 1017 899 1054 fore.
930 1016 1060 1063 Quod,
1075 1027 1162 1053 cum

60 1066 177 1106 fretus
195 1071 321 1108 nostra
339 1070 606 1117 familiaritate,
622 1071 813 1121 promitto,
830 1077 912 1108 tum
926 1069 1028 1120 quod
1041 1068 1164 1106 duris-

61 1120 165 1158 simis
183 1135 221 1160 se
238 1123 318 1173 ipse
335 1123 482 1174 legibus
496 1126 577 1173 jam
596 1124 782 1174 obligarit.
819 1124 956 1174 Neque
975 1122 1075 1160 enim
1094 1133 1164 1172 po-

59 1180 146 1220 test,
177 1177 244 1226 qui
263 1177 455 1214 hominem
475 1178 723 1223 consularem,
754 1176 856 1228 quod
879 1178 927 1214 ab
947 1189 989 1214 eo
1008 1187 1163 1225 rempu-

59 1225 199 1265 blicam
218 1229 394 1267 violatam
406 1230 557 1277 diceret,
570 1231 609 1267 in
625 1230 812 1280 judicium
824 1229 978 1276 vocarit,
991 1229 1071 1279 ipse
1085 1240 1163 1266 esse

60 1279 99 1316 in
118 1282 308 1331 republica
326 1283 415 1321 civis
434 1284 697 1321 turbulentus:
728 1295 803 1320 non
828 1290 964 1333 potest,
994 1280 1061 1332 qui
1079 1293 1162 1318 am-

57 1332 139 1370 bitu
165 1346 213 1372 ne
231 1336 446 1374 absolutum
470 1337 623 1387 quidem
649 1337 790 1387 patitur
821 1349 898 1373 esse
927 1335 1158 1380 absolutum,

57 1384 136 1436 ipse
154 1387 310 1438 impune
328 1402 499 1440 unquam
519 1402 595 1428 aese
612 1389 780 1440 largitor.
810 1388 941 1426 Habet
958 1401 981 1425 a
1000 1387 1060 1424 Μ.
1075 1386 1161 1425 Coe-

56 1438 108 1476 lio
123 1443 344 1491 respublica,
362 1442 519 1491 judices,
539 1443 633 1480 duas
651 1441 914 1489 accusationes,
935 1441 994 1480 vel
1013 1439 1160 1479 obsides

56 1493 226 1543 periculi,
247 1495 306 1532 vel
324 1494 482 1546 pignora
500 1495 716 1533 voluntatis.

106 1545 235 1593 Quare
247 1560 325 1591 oro,
342 1549 578 1598 obtestorque
589 1561 667 1596 vos,
680 1548 839 1597 judices,
854 1555 911 1593 ut,
927 1546 1005 1597 qua
1018 1546 1058 1584 in
1070 1546 1160 1584 civi-

52 1604 128 1637 tate
156 1600 286 1650 paucis
318 1600 377 1638 his
407 1600 539 1639 diebus
570 1602 656 1639 Sex.
684 1601 842 1639 Clodius
871 1600 1068 1638 absolutus
1096 1599 1158 1645 sit,

49 1663 165 1702 quem
180 1666 258 1700 vos,
271 1666 340 1704 per
359 1653 570 1701 biennium,
584 1662 650 1692 aut
663 1654 880 1692 ministrum
894 1652 1083 1691 seditionis
1093 1659 1160 1689 aut

48 1704 184 1744 ducem
204 1706 374 1751 vidistis3
406 1707 472 1757 qui
492 1706 589 1745 aedes
607 1719 741 1753 sacras,
766 1706 835 1757 qui
853 1718 1007 1744 censum
1025 1703 1158 1756 populi

50 1756 232 1807 Romani,
252 1759 319 1809 qui
337 1759 558 1798 memoriam
578 1760 785 1810 publicam,
806 1759 883 1797 suis
901 1758 1077 1796 manibus
1100 1757 1159 1794 in-

47 1812 199 1857 cendit3
234 1812 427 1850 hominem
457 1812 535 1850 sine
553 1825 606 1859 re,
637 1813 716 1851 sine
744 1812 832 1860 fide,
863 1812 943 1850 sine
973 1823 1051 1862 spe,
1077 1810 1156 1847 sine

48 1864 148 1912 sede,
169 1865 248 1903 sine
265 1865 438 1913 fortunis,
459 1878 534 1913 ore,
554 1866 700 1915 lingua,
720 1877 852 1913 manu,
873 1863 950 1902 vitii
974 1863 1079 1901 omni
1097 1863 1156 1900 in-

47 1918 276 1968 quinatum3
306 1919 374 1969 qui
403 1918 531 1956 Catuli
555 1919 834 1956 monimentum
856 1916 1006 1964 afflixit,
1029 1928 1154 1953 meam

45 1969 204 2008 domum
224 1970 355 2017 diruit,
383 1971 459 2009 mci
476 1971 600 2009 fratris
622 1971 816 2015 incendit3
846 1970 927 2021 qui,
948 1970 987 2006 in
1009 1968 1156 2006 Palatio

47 2030 163 2074 atque
189 2023 230 2061 in
257 2024 374 2062 Urbis
393 2023 524 2071 oculis,
545 2024 695 2062 servitia
712 2024 761 2062 ad
779 2024 932 2071 caedem,
953 2029 990 2060 et
1008 2021 1159 2060 inflam-

46 2076 228 2114 mandam
239 2078 389 2123 urbem,
401 2077 571 2115 incitavit
584 2091 596 2121 ς
623 2078 661 2114 in
679 2078 724 2115 ca
735 2077 883 2115 civitate
895 2088 943 2114 ne
956 2073 1153 2126 patiamini

43 2129 157 2167 illum
178 2130 399 2168 absolutum
411 2130 588 2169 muliebri
599 2130 735 2181 gratia,
753 2130 813 2167 M.
830 2129 992 2167 Coelium
1007 2126 1156 2166 libidini

43 2182 221 2222 muliebri
248 2183 524 2229 condonatum3
553 2196 602 2222 ne
635 2183 765 2221 eadem
795 2182 947 2230 mulier,
975 2193 1065 2220 cum
1090 2192 1160 2218 suo
