1455 2343
205 87 283 130 270
460 83 573 122 PRO
603 81 829 120 SEXTIO.
860 83 965 120 (λιι).
1002 82 1060 120 10.

207 193 246 237 ,in
267 192 451 230 altissimo
481 191 601 242 gradu
632 191 764 228 alienis
792 190 928 240 opibus
946 190 1090 241 positus
1121 198 1231 238 esset,
1252 189 1322 242 qui

202 258 277 284 non
298 245 412 283 modo
443 253 706 297 tempestatem
727 244 1013 295 impendentem
1037 244 1176 282 intueri
1194 251 1319 282 temu-

204 301 348 349 lentus,
384 299 448 338 sed
477 312 525 337 ne
553 299 679 337 lucem
708 298 864 349 quidem
894 297 1085 335 insolitam
1113 297 1317 349 adspicere,

205 356 362 406 posset?
390 353 505 391 Alter
522 354 665 391 multos
684 353 797 404 plane
822 352 862 389 in
881 364 1012 390 omnes
1030 358 1154 403 partes
1170 351 1317 390 fefellit.

206 407 304 446 Erat
318 407 421 446 6111111
439 407 643 446 hominum
661 405 831 457 opinioni
848 405 1072 444 nobilitate
1062 405 1158 457 lpsa,
1178 405 1322 444 blanda

204 461 514 509 conciliatricula,
539 460 837 499 commendatus.
868 459 1017 498 Omnes
1048 459 1140 498 boni
1172 471 1320 511 semper

204 515 395 553 nobilitati
425 515 612 562 favemus,
640 521 676 552 et
706 513 797 565 quia
815 513 909 551 utile
929 520 983 551 est
1001 512 1232 564 reipublicae,
1252 525 1322 551 no-

204 569 300 607 biles
331 568 506 606 homines
537 581 614 606 esse
651 567 785 619 dignos
817 566 1026 616 majoribus
1048 567 1139 615 suis,
1167 570 1205 604 et·
1232 566 1324 619 quia

206 623 308 660 valet
326 622 429 674 apud
448 635 516 660 nos
542 622 730 660 clarorum
749 620 951 658 hominum
978 628 1016 658 et
1032 621 1128 659 bene
1146 620 1194 659 de
1211 633 1324 672 repu-

206 676 309 715 blica
327 676 553 714 meritorum
571 675 770 736 memoria,
802 674 918 712 etiam
939 681 1190 712 mortuorum.
1220 675 1326 722 Quia

209 731 356 768 tristem
384 743 546 781 semper,
568 729 659 781 quia
678 729 925 777 taciturnum,
946 727 1038 779 quia
1056 727 1325 766 subhorridum

208 792 325 836 atque
354 784 559 831 incultum,
580 783 773 830 videbant,
797 790 834 821 et
863 782 967 835 quod
992 790 1071 820 erat
1096 795 1139 820 eo
1158 782 1325 830 nomine,

211 845 255 876 ut
271 838 492 889 ingenerata
510 837 666 875 familiae
684 837 882 898 frugalitas
902 836 1104 883 videretur,
1134 835 1326 883 favebant,

210 891 455 942 gaudebant;
486 899 523 930 et
542 890 611 929 ad
601 891 858 941 integritatem
877 891 1068 951 majorum
1087 903 1154 941 spe
1172 903 1242 928 sua
1259 890 1328 928 110-

211 946 357 983 minem
377 947 576 993 vocabant,
596 945 759 983 materni
777 944 924 996 generis
943 943 1062 982 obliti.
1091 943 1179 994 Ego
1200 950 1329 981 autem

211 1003 316 1043 (vere
348 1000 420 1038 hoc
442 1000 581 1048 dicam,
612 998 791 1049 judices),
823 1004 975 1035 tantum
1003 1010 1080 1035 esse
1109 997 1150 1034 in
1174 997 1331 1036 homine

211 1053 376 1102 sceleris,
397 1053 578 1101 audaciae,
601 1052 846 1099 crudelitatis,
860 1058 1052 1112 quantum
1066 1051 1146 1102 ipse
1164 1063 1253 1090 cum
1271 1064 1331 1090 re·

212 1107 370 1159 publica
389 1107 501 1155 sensi,
522 1120 723 1158 nunquam
738 1105 896 1166 putayi.
927 1118 1094 1156 nequam
1109 1117 1189 1144 esse
1205 1105 1330 1143 homi-

210 1174 316 1210 nem,
337 1169 374 1199 et
398 1162 538 1210 levem,
561 1168 597 1199 et
622 1160 720 1198 falsa
745 1159 936 1219 opinione,
968 1172 1090 1197 errore
1109 1158 1328 1207 hominum,

211 1217 261 1253 ab
274 1215 525 1254 adolescentia
539 1213 865 1260 commendatum,
883 1212 1058 1251 sciebam.
1079 1212 1238 1250 Etenim
1250 1213 1332 1250 ani-

215 1282 304 1307 mus
324 1270 405 1318 ejus
425 1269 549 1316 vultu,
571 1268 716 1318 flagitia
743 1267 964 1318 parietibus,
987 1267 1235 1316 tegebantur:
1266 1266 1331 1304 sed

214 1323 296 1361 haec
321 1322 524 1360 obstructio
543 1334 611 1359 nec
634 1321 816 1358 diuturna
835 1328 903 1366 est,
924 1332 993 1358 nec
1011 1319 1174 1358 obducta
1199 1320 1266 1370 ita,
1287 1328 1332 1358 ut

215 1376 370 1419 curiosis
389 1376 507 1414 oculis
522 1375 685 1426 perspici
704 1387 780 1412 non
799 1374 928 1425 possit.

269 1429 323 1469 X.
340 1429 579 1468 Videbamus
591 1441 712 1480 genus
728 1428 828 1475 vitae,
842 1427 1066 1475 desidiam,
1055 1427 1252 1466 inertiam·
1272 1428 1332 1465 in-

215 1485 338 1522 clusas
363 1484 445 1532 ejus
468 1482 657 1530 libidines,
685 1481 754 1533 qui
773 1482 889 1532 paulo
913 1481 1070 1541 propius
1089 1490 1332 1529 accesserant,

216 1538 490 1575 intuebantur.
521 1536 686 1587 denique
716 1535 830 1573 etiam
861 1535 1043 1573 sermonis
1069 1548 1178 1574 ansas
1202 1535 1332 1583 dabat,

217 1591 359 1642 quibus
378 1590 588 1629 reconditos
601 1591 682 1639 ejus
701 1602 832 1627 sensus
846 1596 973 1628 tenere
991 1601 1198 1640 possemus.
1228 1589 1334 1628 Lau-

217 1645 333 1683 dabat
351 1646 468 1683 homo
487 1644 619 1682 doctus
638 1643 897 1694 philosophos,
918 1643 1044 1681 nescio
1062 1656 1180 1694 quos:
1211 1654 1335 1695 neque

219 1711 351 1736 eorum
370 1706 499 1736 tamen
518 1698 676 1736 nomina
699 1704 846 1748 poterat
864 1697 1010 1735 dicere:
1041 1697 1107 1735 sed.
1125 1703 1254 1735 tamen
1272 1710 1335 1735 eos

219 1752 400 1790 laudabat
414 1752 596 1799 maxime,
619 1751 688 1803 qui
705 1751 897 1797 dicuntur,
918 1757 1054 1802 praeter
1071 1758 1236 1798 caeteros,
1257 1763 1336 1790 esse

220 1813 392 1844 auctores
411 1813 448 1844 et
466 1805 680 1849 laudatores
700 1804 905 1856 voluptatis
920 1819 930 1842 ε
962 1805 1085 1854 cujus,
1098 1812 1136 1842 et
1150 1817 1226 1856 quo
1237 1811 1337 1842 tem-

221 1872 327 1911 pore,
356 1866 393 1897 et
424 1872 500 1911 quo
525 1859 654 1907 modo,
675 1871 751 1897 non
780 1860 997 1910 quaerebat:
1029 1859 1186 1897 verbum
1206 1858 1336 1910 ipsum

219 1913 399 1951 omnibus
413 1912 536 1951 modis
551 1913 670 1951 animi
682 1920 719 1950 et
731 1912 895 1964 corporis
909 1912 1112 1950 devorabat
1127 1926 1138 1950 ε
1168 1911 1338 1963 eosdem-

223 1980 300 2018 que
318 1968 495 2018 praeclare
508 1967 631 2005 dicere
646 1967 782 2014 aiebat,
800 1966 984 2017 sapientes
998 1965 1128 2004 omnia
1140 1965 1211 2004 sua
1225 1965 1340 2004 causa

222 2021 369 2060 facere:
392 2021 670 2073 rempublicam
685 2033 874 2072 capessere
888 2019 1083 2058 hominem
1095 2021 1192 2058 bene
1203 2032 1338 2058 sanum

223 2087 299 2112 non
328 2083 526 2127 oportere.
558 2075 654 2113 nihil
675 2088 752 2112 esse
781 2074 1032 2125 praestabilius
1051 2073 1170 2112 otiosa
1188 2073 1280 2122 vita,
1301 2080 1340 2111 et

224 2128 339 2179 plena
358 2136 394 2167 et
420 2129 589 2168 conferta
622 2129 906 2180 xoluptatibus·
938 2141 1000 2166 eos
1024 2134 1168 2176 autem,
1188 2127 1256 2179 qui
1281 2126 1339 2164 di-

224 2190 363 2233 cerent,
391 2182 568 2236 dignitati
588 2196 666 2223 esse
693 2196 773 2222 5611
775 2181 946 2231 rendum,
971 2180 1188 2234 reipublicae
1207 2192 1341 2220 consu·
