1425 2334
315 102 427 142 PRO
456 102 625 142 DOMO
653 102 773 142 sUA.
804 104 906 142 (ΒΑΓ.
927 105 990 140 38.
1118 102 1191 139 165

97 220 171 246 non
191 209 369 258 redditur,
389 208 452 247 sed
464 209 575 247 etiam
587 209 865 247 monimentum
884 211 1023 260 praebet
1042 208 1195 245 inimico

98 261 233 299 doloris
256 262 345 309 mei,
372 262 516 301 sceleris
543 263 614 310 sui,
645 263 806 323 publicae
829 262 1072 307 calamitatis,
1063 275 1071 284 ·
1110 261 1195 311 quis

98 314 179 362 erit,
200 315 266 365 qui
284 315 385 354 hunc
402 315 564 353 reditum
583 317 722 366 potius,
750 328 866 366 quam
888 327 1037 365 poenam
1057 313 1196 363 sempi-

96 374 254 415 ternam,
278 368 416 418 putet?
454 369 503 406 In
528 377 727 420 conspectu
752 376 931 431 praeterea
956 368 1068 405 totius
1094 366 1195 404 urbis

93 419 229 458 domus
248 428 302 459 est
315 434 414 468 mea,
426 422 641 472 pontifices:
671 421 711 459 in
724 435 798 472 qua
813 421 842 459 si
856 430 983 458 manet
995 420 1103 465 illud,
1120 431 1195 456 non

96 473 370 512 monimentum
385 473 545 526 [urbis],
559 475 623 512 sed
634 474 886 526 sepulcrum,
877 474 1029 511 1111111100
1044 472 1195 510 1101111118

94 525 346 578 inscriptum3
375 528 663 578 demigrandum
688 529 812 579 potius
839 527 965 578 aliquo
990 533 1058 573 est,
1079 537 1195 576 quam

94 578 372 617 habitandum
362 593 401 618 111
421 594 466 618 ea
483 582 610 627 urbe,
601 594 640 619 m
660 582 738 632 quit
755 589 894 632 tropaea
913 588 949 619 et
967 580 1012 617 de
1023 591 1085 616 me
1099 578 1197 616 etde

95 633 286 682 republica
304 633 451 672 videam
466 635 675 672 constituta.

150 684 399 724 XXXVIII.
437 688 502 724 An
530 700 598 737 ego
621 695 766 726 tantam
790 695 857 725 aut
879 686 997 724 animi
1019 685 1195 723 duritiem

97 738 246 786 habere,
262 747 328 776 aut
346 741 540 778 oculorum
554 741 844 791 impudentiam,
855 739 1072 790 possim,ut,
1089 739 1197 786 cujus

97 791 199 828 urbis
218 800 440 830 servatorem
458 806 520 830 1118
532 806 610 830 8558
621 802 772 831 senatus
784 793 955 830 omnium
970 803 1121 828 assensu
1142 798 1199 829 to-

97 843 164 881 ties
189 844 380 894 judicarit,
409 846 447 882 in
482 859 525 883 ea
556 847 697 897 possim
723 846 860 883 intueri
887 845 1043 882 domum
1071 856 1196 881 meam

96 909 276 945 eversam,
297 910 371 936 non
385 902 432 936 ab
451 898 543 936 inim
546 899 602 937 ico
616 912 715 946 meo,
729 900 793 937 sed
805 901 851 936 ab
865 899 971 935 hoste
989 896 1196 957 communi,

98 956 134 986 et
152 951 198 988 ab
219 950 348 988 eodem
372 950 530 1003 [aedem]
552 960 779 990 exstructam
792 960 827 989 et
842 951 1003 1002 positam
1022 950 1061 986 in
1080 949 1196 987 oculis

96 1002 267 1049 civitatis,
287 1017 334 1041 ne
356 1017 525 1055 unquam
545 1006 800 1056 conquiescere
819 1004 934 1064 possit
952 1003 1060 1041 fletus
1082 1004 1199 1040 bono-

97 1058 214 1094 rum?
243 1058 621 1108 Sp.Me1ii‚1-egnum
641 1059 862 1109 appetentis,
875 1057 1010 1094 domus
1030 1063 1085 1093 est
1097 1068 1199 1093 com-

97 1109 260 1158 planata.
293 1109 444 1161 Ecquid
462 1111 596 1149 aliud?
627 1124 779 1162 aequum
799 1110 971 1148 accidisse
991 1108 1112 1146 Melio
1129 1121 1198 1158 po·

96 1162 211 1211 pulus
229 1163 427 1201 Romanus
449 1163 612 1212 judicav
601 1170 655 1202 lt:
685 1164 837 1201 nomine
855 1163 936 1213 ipso
956 1161 1195 1212 AEquimelii,

97 1212 306 1267 [stultitiae]
328 1228 439 1267 poena
460 1219 701 1267 comprobata
727 1223 792 1254 est.
831 1217 896 1266 Sp.
918 1215 1036 1253 Cassii
1061 1214 1196 1252 domus

93 1269 142 1305 ob
161 1268 332 1306 eamdem
350 1282 502 1307 causam
517 1283 664 1308 eversa:
687 1277 799 1320 atque
810 1269 849 1306 in
861 1268 992 1306 eodem
1005 1268 1086 1305 loco
1099 1267 1196 1305 aedes

93 1320 215 1371 posita.
231 1321 409 1359 Telluris.
438 1323 487 1360 In
507 1323 623 1361 Vacci
641 1323 757 1374 pratis
776 1323 911 1360 domus
925 1321 999 1358 fuit
1017 1320 1077 1357 M.
1092 1320 1192 1358 Vac-

94 1373 140 1421 ci,
161 1387 246 1424 quae
263 1375 453 1425 publicata
478 1383 534 1413 est
551 1384 588 1414 et
605 1389 744 1424 eversa,
770 1383 814 1413 ut
831 1375 933 1412 illius
950 1374 1094 1411 facinus
1112 1386 1193 1411 me-

92 1427 215 1464 moria
231 1435 268 1465 et
281 1428 433 1466 nomine
446 1428 519 1466 loci
536 1436 738 1467 notaretur.
768 1428 829 1466 Μ.
843 1427 1029 1474 Manlius,
1045 1439 1133 1464 cum
1145 1428 1193 1464 ab

93 1478 272 1518 adscensu
287 1481 465 1532 Capitolii
484 1482 683 1520 Gallorum
698 1482 884 1532 impetum
895 1480 1105 1531 repulisset,
1118 1492 1195 1517 non

91 1531 165 1569 fuit
182 1541 377 1572 contentus
395 1535 565 1572 beneficii
583 1535 641 1573 sui
659 1535 802 1585 gloria:
832 1546 993 1584 regnum
1011 1533 1196 1583 appetlsse

93 1591 148 1622 est
161 1586 374 1634 judicatus.
405 1600 492 1638 ergo
507 1589 539 1636 ej
546 1601 590 1626 us
608 1588 766 1625 domum
785 1599 950 1625 eversam
968 1586 1115 1623 duobus
1133 1586 1194 1622 lu-

92 1637 144 1675 cis
163 1639 405 1677 convestitam
423 1640 567 1678 videtis.
605 1641 736 1688 Quam
758 1640 874 1690 igitur
897 1640 1057 1688 majores
1079 1639 1194 1676 nostri

93 1691 276 1729 sceleratis
294 1705 337 1730 ac
353 1693 503 1730 nefariis
521 1693 664 1731 civibus
676 1694 884 1731 maximam
899 1705 1049 1743 poenam
1061 1691 1196 1729 consti—

93 1743 151 1779 tui
168 1756 276 1794 posse
294 1745 461 1783 arbitrati
479 1753 581 1794 sunt,
602 1746 773 1784 eamdem
788 1759 856 1796 ego
875 1745 1010 1783 subibo
1027 1757 1070 1782 ac
1084 1744 1194 1782 susti-

93 1797 204 1844 nebo,
223 1804 280 1843 ut,
301 1798 404 1848 apud
427 1806 591 1848 posteros
616 1807 774 1846 nostros,
793 1811 869 1837 non
889 1798 1088 1836 exstinctor
1107 1809 1196 1835 con-

90 1849 289 1896 jurationis
307 1857 344 1887 et
361 1851 550 1899 sceleris,c
535 1852 599 1889 sed
616 1859 745 1890 auctor
758 1858 795 1890 et
809 1851 903 1898 dux,
915 1851 1028 1888 fuisse
1040 1850 1193 1887 videar?

146 1901 259 1940 Hanc
270 1915 370 1950 vero,
390 1904 597 1954 pontifices,
609 1905 735 1943 labem
750 1904 994 1963 turpitudinis
1011 1910 1048 1940 et
1065 1903 1193 1940 incon-

89 1954 236 1992 stantiae
253 1956 389 2005 poterit
399 1957 532 2016 populi
547 1957 712 1995 Romani
726 1957 887 2008 dignitas
902 1956 1096 2001 sustinere,
1109 1955 1194 1993 vivo

90 2014 235 2054 senatu,
256 2008 361 2046 vobis
386 2009 618 2060 principibus
639 2010 782 2061 publici
806 2009 963 2053 001151111,
990 2015 1033 2045 ut
1057 2007 1192 2044 domus

89 2060 150 2097 Μ.
171 2059 208 2097 Ἰ
211 2059 293 2097 111111
313 2061 501 2100 Ciceronis
519 2075 607 2100 cum
625 2063 738 2101 domo
756 2063 884 2101 Fulvii
895 2060 1033 2108 Flacci,
1047 2059 1094 2097 ad
1112 2072 1192 2097 me-

90 2113 250 2150 moriam
269 2126 387 2164 poenae
410 2115 560 2165 publice
582 2116 805 2162 constitutae,
826 2116 1024 2164 conjuncta
1042 2125 1119 2151 esse
1136 2111 1193 2150 vi-

92 2164 255 2205 deatur?
285 2166 344 2205 M.
366 2167 538 2217 Flaccus,
558 2169 662 2221 quia,
683 2181 770 2207 cum
790 2168 835 2207 C.
856 2166 1040 2215 Graccho,
1063 2170 1207 2208 contra
