1455 2343
172 65 249 109 272
425 62 538 101 PRO
569 62 794 102 SEXTIO.
826 62 931 103 CAP.
967 64 1028 103 12.

170 183 253 212 sam
272 171 517 222 susciperent,
543 179 723 222 agerent;
752 171 898 223 aliquid
924 172 1088 224 denique
1105 172 1160 211 ad
1179 185 1286 213 sena-2

172 233 257 264 tum
290 224 482 263 referrent.
512 225 584 271 Hi,
611 238 687 263 non
718 225 832 264 modo
858 226 1045 276 negando,
1077 226 1141 265 sed
1173 228 1286 266 etiam

172 279 378 327 irridendo,
398 278 680 330 amplissimum
699 292 892 331 quemque
908 280 1012 318 1111115
1031 281 1202 320 ordinis
1191 295 1290 320 mse-

173 335 401 385 quebantur.
432 333 513 371 Hic
542 334 667 372 subito
695 347 784 372 011111
806 334 1034 373 incredibilis
1063 335 1104 372 in
1134 335 1217 387 Cap
1219 336 1290 374 ito-

175 387 274 426 1111111
293 386 502 425 multitudo
521 400 569 425 ex
593 388 672 426 tota
691 389 785 426 urbe
799 388 1012 440 cunctaque
1023 389 1139 427 Italia
1157 403 1291 428 conve-

174 441 316 487 nisset3
337 448 481 480 vestem
499 442 725 480 mutandam
740 455 886 491 omnes,
900 455 1039 495 meque
1051 443 1165 481 etiam
1185 444 1290 482 omni

177 495 335 544 ratione,
354 495 502 547 privato
524 496 694 545 consilio,
715 496 916 547 (quoniam
943 497 1106 548 publicis
1132 498 1293 536 ducibus

176 550 388 601 respublica
406 557 562 597 careret)
581 550 865 588 defendendum
889 550 1086 602 putarunt.
1115 551 1212 590 Erat
1230 565 1292 591 eo-

175 603 265 642 dem
283 611 452 656 tempore
467 611 618 642 senatus
636 604 677 642 in
697 603 777 642 11οἃ0
792 604 1026 654 Concordiae,
1042 605 1146 656 quod
1163 606 1291 657 ipsum

177 658 369 710 templum
398 660 691 709 repraesentabat
711 658 937 697 memoriam
962 659 1178 698 consulatus
1200 661 1292 707 mei,

178 724 269 750 cum
287 712 381 750 flens
400 712 599 751 universus
618 712 710 751 ordo
729 711 987 751 cincinnatum
1002 713 1199 751 consulem
1210 727 1293 752 ora-

178 767 268 804 bat:
299 778 391 804 nam
420 766 515 805 alter
536 767 602 805 ille
619 766 796 805 horridus
825 774 862 805 et
888 779 1039 806 severus
1062 768 1236 806 consulto
1254 781 1294 806 50

177 819 285 858 domi
303 819 533 859 continebat.
564 820 657 869 Qua
674 828 760 859 tum
779 821 959 873 superbia
974 834 1125 859 coenum
1138 822 1237 860 illud
1250 835 1294 863 ac

177 874 295 924 131105,
326 873 555 925 3111Ρ115511111
584 874 726 914 ordinis
754 888 896 926 preces,
931 882 968 913 et
1000 874 1293 926 clarissimorum

175 927 320 966 civium
334 928 535 979 lacrymas,
551 929 790 980 repudiavit!
814 929 906 967 Me
896 942 1024 980 lpsum
1037 936 1083 967 ut
1097 923 1294 968 contemsit

177 982 308 1020 helluo
325 982 483 1033 patriae.
475 983 483 1008 ⁹
515 995 607 1021 nam
620 983 714 1034 quid
728 996 798 1033 ego
809 983 1029 1044 patrimonii
1040 983 1179 1031 dicam,
1192 983 1295 1035 quod

175 1035 257 1097 ille,
276 1049 367 1074 cum
388 1036 500 1087 quasi
530 1044 722 1098 quaestum
742 1037 894 1086 faceret,
922 1037 1080 1075 amisit?
1111 1037 1213 1075 Cum
1232 1050 1296 1076 ve-

178 1089 295 1128 nisset
312 1089 362 1128 ad
381 1097 570 1137 senatum,
590 1104 670 1139 vos,
690 1091 865 1142 inquam,
892 1091 1037 1143 equites
1056 1092 1239 1139 Romani,
1260 1099 1297 1130 et

178 1156 313 1182 omnes
340 1143 447 1192 boni,
477 1151 579 1183 veste
610 1145 774 1193 mutata,
805 1158 885 1193 vos,
911 1145 1086 1207 inquam,
1113 1158 1183 1206 pro
1210 1158 1297 1184 meo

176 1197 314 1249 capite,
335 1197 384 1236 ad
398 1198 513 1249 pedes
526 1198 695 1237 lenonis'
684 1199 935 1250 impurissimi
946 1199 1169 1251 projecistis,
1190 1212 1294 1247 011111,

177 1251 311 1290 vestris
328 1251 502 1303 precibus
521 1266 544 1290 a
561 1254 706 1291 latrone
730 1253 798 1291 1110
816 1253 1037 1320 repudiatis,
1060 1253 1118 1292 vir
1135 1253 1295 1292 incredi-

177 1305 247 1343 bili
264 1305 353 1353 fide,
372 1306 638 1356 magnitudine
656 1307 789 1354 animi,
806 1307 1029 1354 constantia,
1046 1307 1095 1345 L.
1109 1307 1293 1352 Ninnius,

176 1358 228 1396 ad
241 1367 417 1398 senatum
435 1359 483 1398 de
500 1359 693 1411 republica
710 1361 852 1408 retulit,
873 1367 1100 1412 senatusque
1117 1360 1295 1413 frequens

180 1419 324 1451 vestem
342 1426 413 1465 pro
430 1413 518 1452 mea
536 1415 658 1452 salute
674 1415 901 1453 mutandam
916 1415 1072 1453 censuit.

184 1467 187 1469 ’
232 1467 336 1505 XII.
365 1467 404 1506 Ο
437 1467 541 1505 diem
569 1468 697 1516 illum,
721 1468 883 1518 judices,
909 1468 1106 1507 funestum
1130 1470 1291 1516 senatui,

177 1520 364 1572 bonisque
395 1521 574 1560 omnibus
592 1522 602 1560 !
644 1521 862 1574 reipublicae
896 1522 1116 1561 luctuosum
1133 1524 1143 1561 !
1181 1524 1294 1569 mihi,

177 1574 228 1613 ad
253 1574 509 1613 domesticum
539 1589 753 1624 moerorem,
776 1589 931 1639 gravem
947 1577 957 1614 !
988 1577 1037 1615 ad
1066 1577 1295 1628 posteritatis

179 1629 418 1677 memoriam,
439 1630 672 1680 gloriosum!
704 1630 813 1678 Quid
827 1631 930 1670 enim
947 1630 1154 1683 quisquam
1172 1638 1296 1683 potest

177 1695 227 1720 ex
244 1683 351 1721 omni
378 1684 565 1723 memoria
583 1697 730 1723 sumere
754 1685 954 1733 illustrius,
974 1698 1108 1737 quam,
1127 1698 1198 1747 pro
1215 1698 1296 1724 uno

176 1736 271 1785 cive,
293 1744 330 1775 et
347 1738 466 1776 bonos
485 1750 616 1777 omnes
634 1739 781 1790 privato
800 1752 996 1788 consensu,
1016 1747 1054 1778 et
1071 1740 1294 1778 universum

174 1797 352 1829 senatum
365 1791 525 1854 publico
534 1793 704 1841 consilio,
717 1793 886 1832 mutasse
897 1800 1066 1833 vestem
1054 1795 1074 1822 ⁹
1103 1806 1190 1845 quae
1208 1793 1295 1845 qui·-

175 1844 266 1882 dem
283 1851 370 1883 tum
387 1846 551 1884 mutatio
573 1859 650 1885 non
672 1847 944 1898 deprecationis
966 1861 1078 1887 causa
1105 1854 1160 1886 oet
1177 1847 1292 1897 facta,

176 1898 243 1936 sed
260 1899 397 1938 11101115.
427 1899 558 1947 Quem
583 1901 686 1940 enim
712 1901 1017 1953 deprecarentur,
1047 1914 1138 1941 cum
1161 1913 1294 1940 omnes

175 1959 301 1991 essent
319 1953 498 1992 sordidati
511 1954 529 1991 Ρ
558 1968 723 2007 cumque
752 1956 825 1995 hoc
844 1957 936 1995 satis
957 1963 1053 1997 esset
1079 1955 1191 2007 signi,
1216 1968 1295 1994 esse

176 2007 413 2070 improbum,
434 2008 502 2059 qui
523 2010 674 2048 mutata
693 2017 794 2048 veste
818 2023 896 2050 non
914 2017 1021 2050 esset.
1051 2010 1140 2048 Hac
1165 2016 1294 2047 muta-

175 2060 278 2099 tione
297 2062 408 2101 vestis
426 2062 540 2112 facta,
556 2070 663 2102 tanto
674 2063 713 2101 in
728 2065 834 2103 luctu
848 2064 1024 2113 civitatis,
1037 2063 1186 2112 omitto,
1199 2063 1294 2115 quid

174 2114 241 2153 ille
273 2115 464 2163 tribunus,
491 2118 665 2156 omnium
697 2131 824 2157 rerum
857 2119 1075 2158 divinarum
1104 2118 1293 2156 humana-

175 2181 340 2222 rumque
350 2171 492 2222 praedo,
503 2172 650 2212 fecerit:
667 2172 733 2224 qui
744 2173 874 2219 adesse
884 2173 1137 2214 nobilissimos
1148 2171 1293 2211 adoles-
