1425 2334
298 85 408 124 PRO
441 84 704 123 PLANCIO.
736 86 838 122 CAP.
870 86 931 122 41.
1086 85 1162 127 257

55 193 212 231 consilio
229 200 380 242 repente
400 198 558 237 mutato,
582 191 690 241 [iter]
707 205 729 228 a
745 192 893 230 Vibone
909 192 1157 230 ,Brundisium

59 246 157 284 terra
170 252 294 296 petere
306 245 478 283 contendi
493 259 502 282 ε
535 257 622 282 nam
636 245 843 282 maritimos
856 258 985 283 cursus
1001 247 1158 295 praeclu-

59 299 172 338 debat
188 297 324 336 hiemis
341 298 575 348 magnitudo.

113 351 214 390 XLI
218 379 228 388 .
242 351 342 390 Cum
352 352 481 389 omnia
489 351 556 389 illa
564 352 785 402 municipia,
796 365 882 402 quae
892 362 979 389 sunt
987 352 1161 390 aVibone

59 404 324 450 Brundisium,
344 405 383 442 in
404 404 478 443 fide
496 405 595 451 mea,
611 405 770 454 judices,
791 412 939 449 essent3
970 405 1037 442 iter
1063 406 1157 442 mihi

59 465 201 505 tutum,
221 458 352 496 multis
371 457 648 505 minitantibus,
668 471 808 509 magno
833 471 920 496 cum
946 471 1013 495 suo
1039 467 1157 503 metu,

58 511 322 562 praestiterunt.
353 511 602 550 Brundisium
617 512 716 559 veni,
738 512 796 550 vel
814 511 939 561 potius
957 512 1004 549 ad
1023 512 1159 549 moenia

58 565 206 603 accessi.
249 565 395 604 Urbem
414 577 530 603 unam
551 565 646 603 mihi
668 565 933 603 amicissimam
963 565 1159 611 declinavi,

58 631 145 670 quae
162 631 202 656 se
220 619 278 656 vel
297 619 424 669 potius
443 619 623 665 exscindi,
643 632 775 669 quam,
791 632 811 656 e
823 631 890 656 suo
902 620 1102 669 complexu
1116 627 1159 656 ut

11 683 14 685 ·
59 671 234 722 eriperer,
264 671 374 710 facilc
402 678 603 722 pateretur.
648 672 695 709 In
721 672 846 710 hortos
875 685 937 710 me
962 672 1022 710 M.
1052 673 1161 710 lienii

62 725 188 763 Flacci
205 725 370 764 contuli:
401 724 462 763 cui
480 737 567 762 cum
582 725 706 762 omnis
718 732 855 773 metus,
876 726 1079 776 publicatio
1095 728 1159 764 bo-

61 790 213 826 norum,
233 778 425 825 exsilium,
444 790 559 825 mors,
590 785 871 829 proponeretur,
903 779 982 817 haec
1000 779 1158 829 perpeti,

61 831 92 869 si
114 831 337 878 acciderent,
366 832 517 878 maluit,
548 844 665 882 quam
691 832 900 870 custodiam
925 832 1001 869 mei
1030 832 1161 882 capitis

54 884 256 923 dimittere.
287 885 418 934 Hujus
430 898 512 935 ego,
533 892 570 923 et
587 885 750 935 parentis
762 887 858 934 ejus,
878 885 1161 936 prudentissimi

55 945 172 989 atque
185 938 319 989 optimi
338 939 448 987 senis,
468 946 505 976 et
523 939 722 989 utriusque
734 939 802 976 filii
813 939 1004 986 manibus,
1020 939 1059 976 in
1075 939 1161 977 navi

58 990 142 1029 tuta
158 1005 202 1030 ac
227 991 329 1030 fideli
347 992 561 1038 collocatus,
582 1004 789 1042 eorumque
807 1004 932 1042 preces
951 999 988 1030 et
1013 999 1098 1030 vota
1116 992 1165 1030 de

60 1058 145 1083 meo
156 1044 278 1083 reditu
290 1045 509 1093 exaudiens,
523 1045 822 1096 Dyrrhachium,
832 1045 935 1095 quod
947 1053 1025 1084 erat
1036 1046 1074 1083 in
1087 1045 1160 1083 fide

58 1099 160 1146 mea,
179 1105 304 1150 petere
321 1098 508 1136 contendi.

111 1152 203 1200 Quo
221 1164 309 1191 cum
329 1152 527 1200 venissem,
547 1152 718 1203 cognovi,
739 1151 809 1198 (id,
829 1152 932 1203 quod
949 1152 1161 1199 audieram)

58 1205 234 1244 refertam
253 1218 332 1243 esse
349 1205 538 1244 Graeciam
567 1205 934 1244 sceleratissimorum
961 1206 1165 1244 hominum

56 1271 102 1297 ac
131 1258 391 1304 nefariorum;
420 1271 585 1310 quorum
615 1259 780 1310 impium
810 1259 953 1297 sermm
981 1260 1164 1311 ignesque

58 1311 252 1364 pestiferos
270 1324 378 1351 meus
394 1312 461 1350 ille
477 1313 694 1351 consulatus
711 1326 733 1351 e
746 1313 923 1351 manibus
938 1320 1163 1353 extorserat.

56 1365 128 1417 qui
144 1372 349 1417 antequam
359 1366 408 1404 de
418 1378 503 1404 meo
514 1366 677 1404 adventu
693 1366 822 1404 audire
833 1366 1042 1427 potuissent
1056 1370 1163 1409 (curn

61 1425 212 1457 tantum
230 1421 401 1459 abessent
419 1419 635 1471 aliquorum
653 1419 801 1457 dierum
820 1419 953 1467 viam),
972 1419 1012 1457 in
1033 1420 1164 1458 Maee-

60 1472 230 1521 doniam‚
259 1472 310 1511 ad
327 1473 620 1524 Planciumque,
639 1473 798 1524 perrexi.
839 1473 917 1511 Hic
935 1485 1021 1511 vero
1048 1474 1163 1511 simul

65 1532 182 1577 atque
211 1538 275 1564 me
292 1538 397 1564 mare
425 1527 603 1565 transisse
623 1526 812 1577 cognovit,
841 1526 962 1573 (audi,
987 1527 1091 1574 audi,
1112 1534 1169 1565 at-

62 1591 138 1630 que
155 1579 321 1627 attende,
342 1579 570 1629 Laterensis,
596 1587 641 1618 ut
663 1580 769 1628 scias,
793 1579 887 1631 quid
915 1592 985 1630 ego
1011 1580 1168 1619 Plancio

61 1631 237 1680 debeam,
256 1632 531 1684 confiteareque
559 1633 777 1684 aliquando,
796 1645 874 1680 me,
894 1633 997 1683 quod
1015 1632 1167 1679 faciam,

63 1692 101 1723 et
118 1691 224 1736 grate
239 1693 280 1724 et
291 1686 354 1737 pie
370 1685 516 1732 facere3
546 1686 650 1734 huic,
670 1700 756 1738 quae
774 1699 842 1738 pro
861 1687 982 1736 selute
1008 1687 1096 1725 mea
1111 1687 1169 1725 fe-

65 1738 170 1787 cerit,
189 1738 222 1777 si
239 1739 366 1779 minus
378 1739 582 1790 profutura
599 1740 689 1788 sint,
707 1741 837 1778 obesse
852 1747 949 1778 certe
966 1751 1043 1778 non
1061 1753 1171 1791 opor-

65 1800 144 1830 tere
155 1798 188 1839 ε)
207 1804 313 1840 nam,
329 1792 445 1831 simul
457 1805 501 1832 ac
512 1805 576 1831 me
584 1792 870 1844 Dyrrhachium
878 1793 1049 1843 'attigisse
1060 1793 1169 1831 audi-

65 1845 134 1892 vit,
155 1844 284 1884 statim
302 1845 352 1884 ad
367 1858 445 1893 me,
463 1846 658 1885 lictoribus
677 1846 854 1893 dimissis,
874 1846 1086 1897 insignibus
1104 1848 1171 1884 ab·

62 1898 186 1948 jectis,
201 1905 302 1939 veste
314 1899 480 1948 mutata,
500 1899 688 1951 profectus
705 1907 773 1939 est.

117 1951 157 1990 O
171 1953 345 1991 aoerbam
355 1951 465 2000 mihi,
475 1953 634 2002 judices,
642 1953 867 1992 memoriam
878 1952 1058 2003 temporis
1071 1952 1174 1991 illius

68 2013 106 2043 et
122 2005 209 2052 loci,
229 2018 319 2044 cum
346 2005 408 2044 hic
425 2005 466 2043 in
485 2019 548 2044 mc
573 2006 719 2056 incidit,
750 2019 839 2046 cum
869 2006 1090 2056 complexus
1109 2015 1178 2053 est,

65 2059 346 2110 conspersitque
359 2059 550 2110 lacrymis,
566 2073 634 2098 nec
648 2061 754 2111 loqui
768 2073 847 2111 prae
861 2071 1018 2097 moerore
1033 2059 1177 2109 potuit!

64 2111 104 2150 O
124 2125 219 2159 rem,
240 2125 328 2150 cum
347 2112 479 2151 auditu
510 2114 716 2162 crudelem,
748 2121 831 2152 tum
853 2113 934 2150 visu
959 2112 1141 2150 nefariam
1161 2113 1176 2149 ⁰.

58 2164 99 2204 Ο
114 2165 282 2217 ιεΙίἿιωε
298 2178 430 2207 omnes
448 2166 526 2211 dics
544 2175 745 2219 noctesque
759 2180 839 2213 eas,
880 2166 1017 2215 quibus
1046 2166 1128 2213 iste,
1160 2179 1182 2204 a

834 2232 858 2257 κ
889 2220 913 2256 3
