1455 2343
224 107 304 145 300
488 107 602 147 PRO
633 108 856 147 SEXTJO.
889 108 994 146 CAP.
1015 109 1080 145 42.

221 214 343 266 coepit.
373 215 465 254 Non
485 217 603 254 movit
628 216 822 255 hominem
843 216 997 255 summa
1014 218 1211 267 gravitate,
1233 228 1338 254 sum-

220 268 362 320 maque
381 271 592 308 constantia
608 286 617 308 :
650 271 728 318 sed,
750 283 986 322 quamquam
1002 270 1108 308 dolor
1127 270 1259 317 animi,
1279 269 1338 306 in-

218 330 308 360 nata
318 323 485 371 libertas,
498 332 648 375 promta
663 325 925 375 excellensque
936 324 1069 371 virtus,
1086 324 1336 362 fortissimum

218 375 344 414 virum
373 377 636 426 hortabantur,
657 378 695 416 vi
713 378 792 416 vim
817 379 1000 426 oblatam,
1029 379 1238 429 praesertim
1265 389 1336 415 sae-

217 429 318 479 pius,
339 438 384 468 ut
401 431 592 482 frange-ret
615 440 652 469 et
674 431 880 477 refutaret3
911 439 1016 469 tanta
1037 431 1245 470 moderatio
1262 430 1336 469 fuit

216 482 396 532 hominis,
421 492 573 523 tantum
599 486 814 533 consilium,
841 492 885 523 ut
913 485 1122 523 contineret
1149 485 1333 530 dolorem,

217 549 341 588 neque
359 538 493 577 eadem
512 552 551 577 se
570 552 610 576 re
629 539 882 585 ulcisceretur,
903 539 982 590 qua
1001 547 1096 577 esset
1113 539 1332 583 lacessitus3

217 591 282 628 sed
300 592 427 639 illum,
448 600 504 630 tot
519 594 602 642 jam
627 592 826 630 funeribus
844 591 1062 643 reipublicae
1081 593 1335 630 exsultantem

216 657 260 682 ac
283 645 570 696 tripudiantem,
590 647 721 697 legum
741 646 789 689 (si
813 652 955 698 posset)
979 645 1126 697 laqueis
1154 645 1337 684 constrin-

216 707 332 749 geret.

270 752 476 791 Descendit
495 754 544 792 ad
563 754 818 792 accusandum
832 769 842 792 z
865 753 952 806 quis
964 765 1139 805 unquam
1151 761 1231 791 tam
1245 766 1333 805 proe-

216 806 297 857 prie
316 807 533 858 reipublicae
552 808 690 854 causa;
721 808 837 846 nullis
855 808 1075 854 inimicitiis,
1102 808 1219 846 nullis
1237 820 1335 858 prae-

215 860 316 908 miis,
326 861 435 899 nulla
446 862 647 900 hominum
660 863 927 913 postulatione,
937 869 1004 900 aut
1015 861 1130 900 etiam
1141 861 1333 913 opinione,

214 913 254 951 id
273 927 446 965 unquam
461 928 540 953 esse
554 916 746 954 facturum
767 919 784 954 Ρ
814 915 942 954 Fracti
960 923 1066 954 erant
1077 915 1196 953 animi
1214 914 1339 953 homi-

214 968 299 1006 nis:
340 968 412 1007 hoc
442 969 545 1007 enim
572 978 783 1018 accusante,
807 969 958 1021 pristini
987 969 1091 1007 illius
1121 969 1180 1007 sui
1201 968 1337 1018 judicii

214 1021 492 1073 turpitudinem
520 1023 755 1075 desperabat.
786 1024 887 1062 Ecce
911 1023 982 1062 tibi
1007 1023 1153 1071 consul,
1180 1029 1332 1073 praetor‚

214 1075 391 1115 tribunus
409 1076 544 1128 plebis,
558 1090 657 1116 nova
675 1078 764 1115 novi
782 1077 928 1129 generis
948 1076 1070 1116 edicta
1086 1083 1306 1128 proponunt
1318 1090 1330 1113 ε

216 1129 280 1167 Ne
298 1143 384 1169 reus
399 1131 510 1178 adsit,
524 1143 572 1168 ne
588 1131 736 1178 citetur,
752 1143 800 1169 ne
815 1137 1022 1182 quaeratur,
1039 1143 1088 1168 ne
1099 1130 1334 1168 mentionem

213 1183 370 1222 omnino
394 1185 574 1236 cuiquam
589 1185 765 1246 judicum
791 1193 858 1223 aut
882 1184 1115 1234 judiciorum
1136 1184 1258 1222 facere
1285 1183 1335 1220 li-

214 1244 306 1275 ceat.
338 1237 445 1285 Quid
469 1245 595 1299 ageret
613 1239 670 1276 vir
692 1239 741 1276 ad
763 1239 958 1284 virtutem,
984 1238 1225 1288 dignitatem,
1251 1237 1334 1301 glo-

214 1290 311 1328 riam
339 1299 466 1338 natus,
494 1292 532 1329 vi
560 1292 826 1330 sceleratorum
852 1291 1055 1329 hominum
1083 1288 1333 1337 corroborata,

212 1344 362 1395 legibus
377 1345 604 1396 judiciisque
623 1346 815 1384 sublatis?
855 1345 1029 1383 Cervices
1057 1345 1234 1382 tribunus
1252 1344 1335 1395 ple-

213 1397 271 1435 bis
298 1398 460 1449 privato,
490 1399 823 1450 praestantissimus
848 1399 906 1437 vir
932 1398 1238 1450 profligatissimo
1265 1398 1334 1435 ho-

211 1451 323 1498 mini,
344 1452 481 1490 daret?
510 1465 557 1490 an
579 1465 733 1490 causam
748 1460 961 1504 susceptam
979 1452 1195 1502 affligeret?
1225 1463 1274 1489 an
1294 1465 1334 1489 se

212 1505 318 1543 domi
332 1506 537 1544 contineret
548 1506 566 1542 1>
594 1506 649 1543 Et
663 1506 763 1544 vinci
781 1514 892 1558 turpe
909 1506 1073 1558 putavit,
1094 1512 1131 1543 et
1142 1504 1331 1543 deterreri.

213 1558 346 1596 Etiam
359 1573 379 1597 e
390 1573 430 1598 re
444 1558 598 1611 publica
611 1560 781 1608 credidit,
798 1568 856 1607 ut,
877 1559 1060 1612 quoniam
1079 1559 1151 1597 sibi
1165 1559 1206 1596 in
1220 1559 1334 1597 illum

213 1612 361 1663 legibus
380 1613 437 1651 uti
456 1626 533 1651 non
552 1614 695 1662 liceret,
711 1614 815 1652 illius
827 1614 906 1652 vim
925 1625 1049 1665 neque
1067 1613 1108 1651 in
1122 1625 1191 1651 suo
1208 1624 1334 1664 neque

213 1665 253 1703 in
272 1667 489 1718 reipublicae
507 1667 674 1718 periculo
692 1668 982 1719 pertimesceret.

267 1720 408 1759 XLII.
447 1720 654 1768 Quomodo
680 1722 811 1772 igitur,
840 1722 912 1760 hoc
938 1721 980 1759 in
1006 1733 1143 1773 genere
1169 1719 1335 1772 praesidii

213 1774 436 1826 comparati,
457 1787 609 1813 accusas
628 1776 819 1823 Sextium,
839 1788 929 1814 cum
947 1775 1051 1814 idem
1068 1774 1200 1813 laudes
1213 1773 1334 1812 Milo-

213 1839 303 1866 nem
318 1831 335 1867 ?
363 1829 447 1875 An,
464 1829 531 1880 qui
551 1842 618 1866 sua
637 1836 735 1867 tecta
753 1829 944 1874 defendit;
964 1830 1033 1881 qui
1051 1831 1100 1867 ab
1118 1828 1206 1874 aris,
1226 1827 1332 1874 focis,

213 1881 357 1920 ferrum
377 1883 651 1934 flammamque
666 1883 846 1944 depellit,
835 1897 845 1907 ·
868 1883 935 1935 qui
949 1883 1021 1921 sibi
1031 1883 1143 1922 licere
1157 1881 1240 1920 vult
1250 1888 1335 1919 tuto

215 1948 295 1974 esse
314 1936 354 1973 in
369 1935 495 1983 foro,
485 1948 524 1973 1n
545 1937 724 1987 templo,
714 1949 754 1974 in
773 1936 901 1983 curia;
931 1937 999 1988 qui
1011 1937 1097 1975 vitae
1114 1935 1334 1986 praesidium

216 1997 436 2041 comparat;
469 1989 537 2041 qui
555 1990 791 2039 vulneribus,
816 2004 903 2042 quae
926 1990 1044 2028 cernit
1068 1988 1237 2041 quotidie
1255 1995 1335 2026 toto

217 2056 384 2094 corpore,
405 2050 593 2091 movetur,
614 2050 657 2081 ut
675 2044 804 2095 aliquo
822 2044 997 2096 praesidio
1015 2051 1143 2095 caput,
1163 2049 1201 2081 et
1218 2041 1334 2080 cervi-

218 2109 291 2144 ces,
313 2104 349 2134 et
364 2098 561 2147 jugulum,
582 2110 625 2135 ac
643 2098 760 2135 latera
779 2097 1084 2143 tutetu1‘3hunc
1103 2097 1152 2135 de
1169 2096 1208 2134 vi
1225 2108 1335 2133 accu-

219 2150 380 2188 sandum
395 2159 529 2202 putas.
518 2151 536 2173 ‘²
565 2151 665 2198 Quis
685 2152 786 2189 enim
801 2154 980 2198 vestrum,
998 2151 1158 2201 judices,
1173 2149 1334 2200 ignorat,

218 2204 271 2241 ita
290 2213 467 2243 naturam
486 2218 613 2243 rerum
633 2205 777 2253 tulisse,
795 2214 837 2243 ut
851 2205 1018 2257 quodam
1034 2214 1201 2255 tempore
1212 2201 1337 2241 homi-
