1455 2343
210 92 287 127 324
472 88 585 127 PRO
615 87 838 127 SEXTIO.
872 88 976 126 CAP.
998 90 1061 126 69.

204 198 279 234 rior
309 209 432 234 annus
458 196 573 243 idem,
603 204 640 234 et
666 195 827 242 virilem,
856 194 986 245 patris,
1000 199 1002 202 ’
1017 203 1054 232 et
1080 201 1321 245 praetextam,

206 250 339 301 populi
355 250 512 299 judicio,
534 258 660 300 togam
680 249 836 294 dederit,
853 249 955 285 hunc
973 247 1045 284 hoc
1062 260 1175 292 anno,
1189 247 1228 284 in
1247 247 1321 285 hac

206 305 307 354 tog-517
323 304 525 354 rogationis
543 303 798 352 injustissimae
817 301 983 338 subitam
996 301 1236 339 acerbitatem
1252 313 1322 352 pro

204 364 311 408 patre
329 357 532 395 fortissimo
551 365 587 395 et
602 355 805 395 clarissimo
824 355 903 392 cive
917 354 1194 405 deprecantem.

258 411 393 461 Atque
411 411 473 449 hic
491 419 545 448 tot
564 418 600 448 et
619 409 753 444 talium
765 408 905 446 civium
917 408 1164 459 squalor‚.hic
1178 408 1319 453 luctus,

204 465 264 502 hae
283 465 420 511 sordes,
438 472 617 512 susceptae
636 469 724 498 sunt
742 468 894 512 propter
913 474 1035 498 unum
1054 474 1131 507 me,
1152 461 1244 512 quia
1257 474 1320 498 me

203 518 465 561 defenderunu
474 515 565 566 quia
579 527 710 552 meum
723 528 853 553 casum
865 515 1088 566 luctumque
1100 515 1319 561 doluerunt,

202 572 294 622 quia
319 585 381 608 me
401 569 548 619 lugenti
576 568 722 619 patriae,
749 568 935 618 flagitanti
961 568 1122 615 senatui,
1153 569 1320 619 poscenti

207 625 341 670 Italiae,
362 623 468 660 vobis
487 623 665 660 omnibus
685 622 894 668 orantibus,
915 621 1170 659 reddiderunt.
1202 621 1320 669 Quod

202 686 351 716 tantum
372 684 426 713 est
445 677 484 712 in
503 688 566 712 me
586 675 704 713 scelus
719 678 736 713 Ρ
757 675 851 726 quid
865 682 1058 726 tantopere
1076 675 1221 726 deliqui
1238 675 1318 722 illo,

202 732 268 769 illo
287 731 361 775 die,
383 742 471 767 cum
486 729 535 766 ad
549 742 614 767 vos
628 729 781 776 indicia,
794 729 934 777 literas,
955 729 1202 767 confessiones
1217 741 1319 767 com-

201 784 330 822 munis
355 783 475 829 exitii,
504 782 656 820 detuli?
686 795 774 820 cum
799 783 909 834 parui
928 783 1063 821 vobis?
1100 783 1172 829 At,
1193 782 1226 820 si
1244 795 1320 820 sce-

202 839 342 876 lestum
369 845 425 875 est
454 849 581 874 amare
613 836 790 887 patriam,
818 836 959 887 pertuli
982 849 1180 887 poenarum
1203 836 1318 874 satis:

204 904 331 930 eversa
359 890 497 928 domus
531 898 600 937 est,
630 890 792 928 fortunae
814 898 978 937 vexatae‚‘
1002 889 1172 940 dissipati
1191 889 1318 936 liberi,

203 952 351 996 raptata
379 946 534 993 conjux,
562 944 676 982 frater
704 944 886 995 optimus,
916 944 1127 982 incredibili
1165 943 1318 994 pietate,

203 1011 331 1037 amore
363 998 548 1045 inaudito,
584 997 755 1035 maximo
780 998 820 1035 in
844 998 1017 1048 squalore
1045 999 1237 1036 volutatus
1264 1004 1320 1036 est

202 1052 250 1090 ad
279 1051 393 1103 pedes
420 1051 794 1089 inimicissimorum:
825 1064 909 1102 ego,
935 1052 1071 1102 pulsus
1099 1051 1186 1097 aris,
1210 1050 1318 1097 focis,

201 1106 289 1144 Diis
308 1105 522 1156 penatibuS‚
543 1104 742 1143 distractus
761 1119 783 1143 a
801 1105 910 1152 meis,
929 1105 1032 1143 carui
1049 1105 1188 1156 patria,
1201 1117 1321 1155 quam

201 1160 277 1202 (uti
295 1159 483 1197 levissime
502 1159 645 1206 dicam)
663 1167 761 1196 certe
779 1167 970 1197 texeram:
1001 1159 1141 1210 pertuli
1159 1158 1319 1196 crudelb-

200 1220 319 1251 tatem
344 1213 601 1259 inimicorum,
629 1213 752 1251 scelus
771 1212 1001 1259 infidelium,
1023 1212 1197 1250 fraudem
1221 1212 1319 1250 invi-

201 1267 350 1305 dorum.

253 1321 294 1358 Si
313 1321 385 1358 hoc
403 1333 479 1358 non
500 1328 555 1359 est
575 1321 677 1367 satis,
695 1321 798 1372 quod
816 1322 897 1359 haec
909 1321 1037 1359 omnia
1055 1321 1178 1358 deleta
1189 1319 1320 1358 viden-

203 1382 263 1412 tur
281 1373 403 1411 reditu
419 1386 530 1418 meo;
560 1375 684 1411 multo
696 1374 806 1422 mihi,
819 1375 957 1422 multo,
971 1375 1145 1425 inquam,
1155 1373 1317 1423 judices,

199 1434 368 1479 praestat,
394 1427 433 1463 in
459 1427 633 1465 eamdem
658 1428 766 1465 illam
785 1427 946 1465 recidere
967 1427 1175 1475 fortunam,
1200 1440 1317 1478 quam

197 1488 343 1518 tantam
357 1481 561 1531 importare
572 1481 665 1518 meis
676 1481 935 1519 defensoribus
948 1488 985 1519 et
997 1481 1319 1519 conservatoribus

199 1534 467 1573 calamitatem.
508 1537 576 1571 An
604 1547 672 1585 ego
698 1535 739 1571 in
762 1535 833 1573 hac
858 1537 953 1572 urbe
979 1547 1058 1573 esse
1079 1535 1238 1586 possim,
1257 1534 1320 1573 his

199 1588 334 1639 pulsis,
351 1588 417 1639 qui
436 1601 498 1625 me
508 1588 625 1637 hujus
637 1588 742 1626 urbis
760 1596 974 1639 compotem
992 1588 1192 1627 fecerunt?
1223 1588 1316 1626 Non

199 1655 286 1680 ero:
325 1654 402 1679 non
425 1649 555 1692 potero
578 1655 669 1689 esse,
693 1642 864 1691 judices:
903 1655 1028 1693 neque
1055 1642 1117 1680 hic
1144 1654 1318 1693 unquam

198 1709 308 1746 puer,
318 1695 385 1746 qui
399 1695 458 1732 his
472 1695 664 1746 lacrymis,
673 1695 749 1746 qua
761 1696 808 1734 sit
818 1696 971 1747 pietate,
986 1695 1164 1743 declarat,
1177 1695 1317 1735 amisso

198 1756 306 1800 patre
325 1761 394 1786 suo
413 1756 566 1799 propter
584 1762 660 1795 me,
674 1762 737 1787 me
755 1750 883 1800 ipsum
896 1749 1129 1787 incolumem
1147 1749 1289 1788 videbit
1302 1764 1314 1787 ε

199 1815 282 1849 nec,
303 1803 616 1854 quotiescumque
626 1816 690 1842 me
704 1803 852 1851 viderit,
867 1803 1102 1854 ingemiscet,
1115 1815 1158 1841 ac
1169 1809 1315 1854 pestem

200 1868 324 1902 suam,
338 1862 375 1894 et
393 1855 510 1906 patris
529 1856 601 1902 sui,
616 1869 694 1894 sese
712 1856 811 1895 dicet
825 1857 962 1895 videre.
991 1857 1079 1908 Ego
1090 1869 1178 1895 vero
1190 1869 1256 1894 vos
1273 1856 1314 1893 in

198 1909 304 1948 omni
314 1909 440 1947 fortun
445 1910 481 1956 ἲι,
492 1922 664 1960 quaecum
669 1923 743 1961 que
753 1910 822 1948 erit
832 1911 972 1956 oblata,
981 1911 1228 1961 complectarz
1245 1922 1314 1948 nec

198 1976 259 2000 me
284 1965 332 2000 ab
350 1963 411 2009 iis,
439 1976 533 2014 quos
559 1976 644 2001 meo
669 1964 824 2002 nomine
843 1964 1048 2002 sordidatos
1066 1963 1216 2011 videtis,
1240 1975 1313 2000 un-

198 2029 317 2067 quam
336 2017 418 2054 ulla
435 2017 587 2054 fortuna
605 2017 782 2063 divellet3
813 2030 937 2069 neque
955 2031 1008 2056 eae
1026 2017 1211 2064 nationes,
1227 2016 1313 2067 qui-

195 2071 267 2107 bus
285 2082 348 2107 me
367 2076 517 2108 senatus
542 2071 834 2119 commendavit,
855 2071 995 2123 quibus
1020 2072 1067 2110 de
1089 2084 1152 2109 me
1170 2070 1311 2121 gratias

195 2123 285 2173 egit,
298 2123 401 2161 hunc
420 2125 590 2161 exsulem
609 2131 762 2175 propter
779 2137 843 2163 me
861 2125 942 2163 sine
959 2138 1023 2163 me
1041 2124 1234 2163 videbunt.

243 2176 318 2215 Sed
337 2177 416 2216 haec
437 2177 504 2216 Dii
520 2178 766 2228 immortales,
788 2179 872 2230 (qui
891 2191 953 2217 me
973 2179 1049 2218 suis
1068 2177 1220 2229 templis
1239 2177 1308 2215 ad-
