1425 2334
301 114 416 155 PRO
445 116 685 157 FLACCO.
715 116 820 156 CAP.
841 119 907 156 29.
1107 118 1159 155 29

61 219 259 260 stantibus
290 221 585 275 Hierosolymis,
611 224 830 276 pacatisque
853 223 1016 270 Judaeis,
1046 230 1175 261 tamen

61 273 221 312 istorum
240 274 372 326 religio
390 289 582 315 sacrorum
601 291 624 316 a
642 278 839 329 splendore
864 278 981 326 hujus
1006 277 1171 327 imperii,

62 326 246 378 gravitate
265 329 428 368 nominis
447 331 578 378 nostri,
609 333 799 380 majorum
819 330 1016 376 institutis,
1037 329 1175 367 abhor-

63 381 192 417 rebat:
222 392 325 419 nunc
343 395 430 421 vero
448 384 519 422 hoc
537 385 672 435 magis,
694 384 797 435 quod
809 384 875 421 illa
893 397 999 434 gens,
1020 383 1113 434 quid
1127 382 1175 420 de

64 433 224 484 imperio
250 442 376 473 nostro
401 438 566 484 sentiret,
597 438 760 476 ostendit
783 438 923 475 armis:
956 449 1072 488 quam
1092 449 1178 473 cara

68 485 156 524 Diis
175 487 455 528 immortalibus
475 499 585 541 esset,
605 491 746 540 docuit,
767 491 870 542 quod
882 498 937 529 est
950 491 1061 538 victa,
1075 489 1179 540 quod

67 539 222 588 elocata,
243 542 345 592 quod
364 552 519 582 servata.

123 592 285 632 XXIX.
315 596 593 645 Quamobrem,
614 597 810 650 quoniam,
827 597 930 649 quod
949 596 1090 635 crimen
1104 608 1182 634 esse

70 646 238 696 voluisti,
263 648 303 686 id
331 656 454 688 totum
474 651 578 689 vides
595 653 634 689 in
662 651 815 689 laudem
836 664 914 689 esse
933 662 1181 694 conversum;

71 700 268 739 veniamus
285 703 368 751 jam
386 704 434 741 ad
453 704 593 742 civium
612 706 877 743 Romanorum
898 704 1081 755 querelas.
1117 703 1184 740 Ex

74 753 214 803 quibus
245 755 293 792 sit
316 769 405 795 sane
427 758 552 808 prima
579 758 752 796 Deciani.
793 757 901 804 Quid
926 757 995 794 tibi
1015 756 1184 802 tandem,

75 805 258 855 Deciane,
279 809 429 858 injuriae
447 811 590 849 factum
611 814 690 850 est?
721 810 937 862 Negotiaris
948 810 988 846 in
1001 810 1121 847 libera
1133 808 1187 846 ci-

47 860 51 863 ’
77 859 204 898 vitate.
236 861 412 901 Primum
424 872 565 915 patere,
575 877 637 902 me
651 877 730 902 esse
742 865 944 902 curiosum.
974 862 1188 913 Quousque

78 914 317 963 negotiabere
332 918 348 954 ?
369 918 576 967 praesertim
591 931 678 956 cum
694 918 742 956 sis
761 917 832 955 isto
849 918 931 955 loco
942 924 1065 953 natus.
1103 916 1193 953 An-

81 978 150 1004 nos
165 967 247 1016 jam
266 969 421 1020 triginta
440 971 479 1008 in
497 971 579 1009 foro
599 971 780 1016 versaris;
811 970 877 1008 sed
896 977 1023 1007 tamen
1042 968 1082 1006 in
1099 969 1193 1006 Per-

81 1032 256 1070 gameno.
286 1022 422 1073 Longo
436 1024 647 1071 intervallo,
662 1025 693 1062 si
708 1024 860 1075 quando
875 1024 944 1061 tibi
962 1021 1193 1074 peregrinari

82 1075 326 1112 commodum
346 1084 414 1123 est,
430 1078 598 1116 Romam
611 1078 714 1115 venis
729 1092 738 1115 :
761 1077 869 1114 affers
888 1076 1021 1113 faciem
1036 1087 1190 1122 novam,

82 1137 222 1164 nomen
235 1135 355 1176 vetus,
367 1143 579 1181 purpuram
592 1131 753 1181 Tyriam
769 1144 778 1167 :
799 1131 839 1167 in
852 1142 929 1180 quo
942 1129 1012 1167 tibi
1026 1128 1191 1176 invideo,

84 1180 187 1232 quod
206 1181 292 1219 unis
310 1184 543 1222 vestimentis
562 1184 709 1222 tamdiu
727 1184 855 1222 lautus
873 1195 924 1220 es.

130 1233 278 1272 Verum
291 1243 388 1274 esto:
405 1237 588 1288 negotiari
599 1238 710 1275 libet:
729 1250 796 1275 cur
808 1249 883 1274 non
894 1234 1050 1286 Pergae'?
1064 1235 1198 1284 Smyr-

86 1289 177 1326 nae?
206 1288 403 1328 Trallibus
415 1290 434 1326 ’ἓ
463 1291 530 1328 ubi
549 1298 586 1329 et
599 1291 713 1328 multi
732 1290 828 1328 cives
848 1289 1017 1327 Romani
1036 1295 1139 1334 sunt,
1161 1294 1199 1324 et

83 1341 148 1389 jus
169 1354 192 1379 a
210 1349 336 1380 nostro
354 1343 578 1394 magistratu
598 1344 748 1382 dicitur.
778 1343 917 1382 Otium
944 1350 981 1380 te
1013 1342 1197 1379 delectat:

87 1393 186 1442 lites,
211 1397 336 1444 turba,
362 1404 513 1448 praetor,
545 1397 631 1435 odio
658 1404 737 1435 est:
777 1396 998 1434 Graecorum
1030 1395 1202 1432 libertate

89 1447 246 1498 gaudes.
276 1448 356 1488 Cur
382 1463 470 1501 ergo
489 1463 589 1488 unus
609 1459 651 1488 tu
674 1449 1007 1501 Apollonidenses,
1022 1448 1203 1486 amantis-

90 1501 206 1539 simos
224 1503 357 1553 populi
377 1504 542 1541 Romani
561 1504 872 1554 fidelissimosque
892 1502 1023 1548 socios,
1036 1501 1206 1539 miserio-

91 1567 150 1592 res
160 1554 289 1604 habes,
306 1570 422 1608 quam
432 1565 498 1595 aut
509 1557 768 1606 Mithridates,
778 1564 843 1594 aut
856 1556 968 1594 etiam
981 1565 1088 1606 pater
1099 1562 1204 1601 tuus,

93 1607 269 1647 habuerit
286 1611 488 1661 unquam?
519 1611 599 1649 Cur
623 1610 682 1648 his
700 1623 767 1662 per
786 1617 822 1647 te
840 1609 916 1647 frui
934 1609 1105 1646 libertate
1124 1606 1206 1656 sua,

96 1675 163 1701 cur
188 1662 351 1714 denique
377 1677 454 1702 esse
480 1664 620 1711 liberis,
647 1676 724 1701 non
748 1662 863 1701 licet?
905 1662 1094 1700 Homines
1121 1667 1210 1698 sunt

99 1715 179 1753 tota
201 1728 248 1753 ex
266 1716 367 1754 Asia
388 1717 648 1768 frugalissimi,
675 1716 915 1764 sanctissimi,
942 1729 965 1753 a
989 1716 1212 1752 Graecorum

98 1769 253 1807 luxuria
289 1777 326 1808 et
352 1771 503 1809 levitate
535 1770 788 1817 remotissimi,
821 1768 1110 1820 patresfamilias
1143 1779 1212 1805 suo

101 1823 279 1871 contenti,
299 1831 475 1871 aratores,
495 1824 698 1862 rusticani:
733 1836 842 1874 agros
859 1823 1001 1860 habent
1018 1828 1055 1859 et
1077 1820 1214 1858 natura

103 1878 302 1927 perbonos,
322 1884 360 1915 et
373 1877 570 1928 diligentia
588 1875 812 1928 culturaque
828 1877 1014 1914 meliores.
1044 1875 1093 1912 In
1111 1874 1215 1912 hisce

103 1930 203 1981 agris
220 1938 263 1966 tu
281 1930 423 1980 praedia
440 1931 578 1969 habere
595 1931 758 1968 voluisti.
788 1929 960 1968 Omnino
973 1928 1144 1975 mallem,
1161 1929 1216 1969 (et

104 1984 227 2034 magis
251 1990 330 2021 erat
354 1993 481 2032 tuum,
505 1984 537 2022 si
564 1991 601 2022 te
625 1984 738 2022 crassi
762 1983 844 2034 agri
872 1983 1123 2026 delectabant)
1152 1980 1218 2016 hic

107 2036 247 2076 alicubi
270 2036 311 2074 in
339 2036 588 2075 Crustumino
617 2045 685 2075 aut
713 2037 753 2074 in
784 2036 969 2086 Capenati
996 2033 1215 2086 paravisses.

108 2092 257 2131 Verum
282 2097 361 2128 esto
375 2104 387 2128 z
419 2090 574 2129 Catonis
592 2097 648 2129 est
665 2090 825 2138 dictum,
856 2089 1024 2127 Pedibus
1038 2097 1218 2136 compen-

109 2146 184 2185 sari
200 2144 413 2195 pecuniam.
441 2143 578 2196 Longe
595 2143 751 2183 omnino
770 2157 794 2182 a
811 2142 947 2233 Tillijerg
962 2141 1012 2180 ad
1029 2140 1190 2180 Caicum
1203 2151 1216 2176 ι
