1455 2343
219 86 293 123 158
421 87 534 127 PRO
566 88 736 128 DOMO
765 89 886 128 SUA.
916 88 1020 128 CAP.
1040 89 1105 128 31.

215 200 446 244 temporum,
466 208 534 235 nec
559 197 726 248 potentia
736 197 1058 258 magistratuum,
1078 208 1146 235 nee
1164 209 1222 235 res
1239 203 1323 235 tum

210 247 393 295 judicata,
413 261 481 287 nec
499 250 662 302 denique
680 251 844 289 universi
861 251 995 302 populi
1013 251 1181 288 Romani
1199 258 1322 302 potec-

214 307 284 347 tas,
306 304 409 353 (quae
428 304 567 342 creteris
596 305 635 342 in
665 307 776 343 rebus
800 312 856 343 est
884 305 1070 353 maxima)
1098 304 1323 343 labefactare

215 363 349 404 posset.

266 409 324 446 At
347 418 389 448 tu
416 411 544 459 etiam,
576 420 720 463 ereptor
750 412 922 459 civitatis,
953 411 1077 473 legem
1096 411 1144 450 de
1171 410 1321 461 injuriis

212 463 372 524 publicis
408 465 528 503 tulisti
558 466 766 517 Anagnino
794 467 919 504 nescio
943 466 1005 504 cui
1035 465 1223 513 Menulae,
1254 478 1323 526 per

211 516 386 566 gratiam,
408 519 474 569 qui
493 519 576 567 tibi,
602 500 673 558 obO
673 532 757 558 eam
788 519 927 580 legem,
960 526 1127 557 statuam
1155 519 1196 556 in
1228 519 1322 557 meis

212 570 356 609 aedibus
376 573 525 622 posuit3
556 580 600 610 ut
631 575 736 612 locus
757 572 853 624 ipse,
880 573 920 610 in
949 572 1018 610 tua
1042 573 1148 611 tanta
1166 572 1321 622 injuria,

212 623 336 674 legem
369 633 406 663 et
437 626 717 677 inscriptionem
749 634 884 666 statuae
909 626 1104 665 refelleret.
1133 626 1234 674 Quae
1265 639 1325 664 res

213 678 469 730 municipibus
497 680 715 730 Anagninis
750 681 874 718 multo
905 680 1042 729 majori
1076 679 1195 717 dolori
1230 679 1319 727 fuit,

213 745 330 783 quam
350 746 436 784 quae
453 733 555 772 idem
583 734 647 773 ille
674 734 858 786 gladiator
886 734 1024 772 scelera
1049 732 1241 784 Anagniae
1265 732 1321 771 fe-

213 793 323 824 cerat.

266 840 428 878 XXXI.
458 840 597 888 Quid?
627 841 658 879 si
681 853 729 879 ne
754 842 936 892 scriptum
959 841 1115 892 quidem
1147 852 1320 892 unquam

215 901 271 931 est
288 894 327 930 in
359 894 433 933 ist'a
461 894 545 945 ipsa
570 895 762 946 rogatione
787 908 905 946 quam
939 908 977 932 se
1009 894 1186 933 Sedulius
1210 901 1324 944 negat

213 948 386 993 scivisse3
417 956 459 986 tu
491 948 622 998 hujus,
652 956 696 986 ut
723 956 806 987 acta
830 948 886 986 tui
913 948 1084 1000 praeclari
1111 948 1325 986 tribunatus

212 1002 378 1040 hominis
397 1002 582 1053 dignitate
607 1003 839 1051 cohonestes‚
867 1002 1128 1040 auctoritatem
1159 1001 1325 1053 amplec-

215 1056 302 1093 teris
319 1059 337 1095 ‚⁹

267 1110 355 1157 Sed,
376 1109 527 1147 tametsi
549 1110 646 1148 nihil
665 1110 712 1148 de
729 1123 792 1148 me
810 1109 944 1157 tulisti,
965 1109 1171 1161 quominus
1190 1121 1326 1155 essem,

212 1176 287 1202 non
307 1164 420 1201 modo
434 1164 474 1200 in
489 1164 629 1201 civium
648 1176 820 1210 numero,
842 1164 906 1202 sed
921 1163 1036 1200 etiam
1054 1163 1094 1200 in
1109 1176 1152 1201 eo
1170 1164 1266 1209 loco,
1286 1162 1326 1200 in

215 1230 292 1268 quo
315 1231 378 1255 me
401 1217 560 1255 honores
583 1218 716 1268 populi
742 1217 911 1255 Romani
933 1217 1235 1262 collocaverunt;
1269 1222 1326 1254 ta-

215 1283 353 1309 menne
372 1283 461 1309 eum
481 1270 549 1308 tua
567 1284 656 1309 voce
675 1271 847 1318 violabis,
875 1283 1005 1321 quem,
1021 1277 1106 1321 post
1134 1269 1323 1308 nefarium

215 1325 334 1363 scelus
353 1324 552 1362 consulum
570 1325 823 1375 superiorum,
852 1331 907 1362 tot
926 1324 1028 1361 vides
1044 1323 1198 1373 judiciis
1217 1336 1327 1361 sena-

214 1381 287 1425 tus,
301 1378 433 1429 populi
446 1378 627 1425 Romani,
643 1378 758 1416 totius
774 1377 908 1422 Italiae,
923 1377 1190 1415 honestatum?
1211 1390 1328 1428 quem

214 1444 263 1470 ne
280 1439 365 1470 tum
380 1431 549 1482 quidem,
565 1444 654 1469 cum
673 1433 840 1477 aberam,
855 1444 992 1482 negare
1010 1439 1158 1482 poteras
1173 1443 1251 1469 esse
1262 1429 1329 1469 tua

214 1487 297 1536 lege
323 1492 544 1523 senatorem.
574 1485 654 1524 Ubi
683 1486 784 1524 enim
814 1485 966 1532 tuleras,
987 1492 1031 1522 ut
1048 1483 1146 1522 mihi
1171 1484 1273 1535 aqua
1290 1491 1329 1522 et

214 1539 296 1590 igni
313 1539 595 1577 interdiceretur
608 1541 626 1577 Ρ
656 1540 758 1590 quod
784 1539 978 1577 Gracchus
1007 1538 1054 1576 de
1077 1538 1124 1575 P.
1146 1537 1326 1588 Popillio,

216 1591 508 1632 Saturninus'de
521 1593 695 1639 Metello,
716 1593 816 1631 tulit.
847 1592 1035 1631 Homines
1054 1591 1326 1630 seditiosissimi

214 1648 261 1685 de
279 1646 433 1697 optimis
451 1659 495 1684 ac
513 1646 724 1685 fortissimis
742 1647 902 1695 civibus,
921 1658 1013 1694 non,
1033 1652 1078 1683 ut
1096 1652 1192 1684 esset
1209 1644 1327 1683 inter-

212 1701 372 1748 dictum,
389 1700 509 1750 (quod
527 1700 616 1738 ferri
634 1713 711 1738 non
734 1707 894 1752 poterat)
915 1700 1101 1748 tulerunt,
1120 1698 1187 1738 sed
1205 1706 1250 1737 ut
1266 1698 1326 1736 in-

215 1754 468 1792 terdiceretur.
497 1754 577 1792 Ubi
603 1754 745 1801 cavisti,
766 1767 815 1792 ne
833 1766 918 1792 meo
940 1766 1001 1791 me
1025 1753 1108 1791 loco
1135 1765 1265 1791 censor
1285 1752 1326 1790 in

214 1815 390 1846 senatum
419 1807 587 1857 legeret?
617 1808 719 1859 quod
751 1807 798 1846 de
825 1807 1018 1869 omnibus,
1039 1806 1154 1845 etiam
1185 1805 1328 1857 quibus

215 1862 273 1900 da
266 1862 405 1899 nnatis
424 1861 666 1900 interdictum
686 1869 754 1908 est,
775 1861 958 1912 scriptum
978 1868 1033 1899 est
1050 1860 1092 1898 in
1109 1859 1271 1911 legibus.

269 1915 411 1963 Quaere
428 1914 499 1953 hoc
511 1928 531 1953 e
543 1916 631 1953 Sex.
653 1915 801 1976 Clodio,
815 1915 993 1966 scriptore
1005 1915 1140 1975 legum
1147 1920 1324 1951 tuarum.

211 1970 306 2019 jube
324 1969 476 2007 adesse·
506 1969 630 2006 latitat
644 1969 823 2007 omnino:
854 1969 933 2017 sed,
954 1968 985 2006 si
1003 1967 1144 2019 requiri
1153 1966 1325 2016 jusseris,

213 2023 406 2062 invenient
423 2023 617 2060 hominem
633 2023 737 2074 apud
755 2035 919 2061 sororem
934 2029 1057 2069 tuam,
1076 2021 1328 2059 occultantem

217 2091 270 2124 se,
302 2077 422 2128 capite
451 2076 626 2114 demisso.
675 2076 765 2123 Sed
799 2077 830 2114 si
862 2083 1009 2127 patrem
1046 2080 1174 2122 tuum,
1207 2073 1329 2112 civem

217 2131 383 2172 (medius
397 2130 527 2176 fidius)
543 2130 751 2181 egregium,
767 2130 1067 2180 dissimilemque
1079 2126 1207 2174 vestri,
1217 2139 1332 2165 nemo

213 2197 385 2236 unquam
412 2196 524 2223 sanus
553 2185 722 2222 exsulem
751 2183 969 2235 appellavit,
986 2182 1085 2234 (qui,
1114 2194 1203 2220 cum
1221 2180 1269 2219 de
1287 2192 1334 2218 eo
