1425 2334
250 102 391 144 POST
419 102 691 143 REDITUM
719 103 754 142 1.
783 103 889 144 CAP.
918 104 956 149 7.
1098 104 1152 144 99

62 208 222 262 dothyro
250 209 486 257 intromissis,
516 210 785 262 voluptatibus.
815 210 917 249 Cum
935 222 1022 249 vero
1046 209 1160 248 etiam

61 263 178 301 literis
203 263 353 302 studere
370 264 515 315 incipit,
536 270 572 302 et
592 264 720 302 helluo
745 263 922 301 immanis
947 276 1035 301 cum
1054 263 1163 300 Grae-

63 316 156 354 culis
175 316 442 368 philosophari,
465 324 549 354 tum
576 324 630 354 est
658 317 883 368 Epicureus,
907 328 983 354 non
1012 316 1164 367 penitus

63 368 121 406 illi
139 369 344 420 disciplinae
370 373 636 420 (quaecumque
659 379 729 415 est)
759 370 920 416 deditus,
948 369 1013 407 sed
1031 376 1164 420 captus

64 434 142 460 uno
171 424 283 460 verbo
308 423 521 474 voluptatis.
551 423 681 461 Habet
705 431 831 461 autem
854 423 1066 473 magistros,
1087 434 1163 460 non

65 487 113 512 ex
131 475 210 513 istis
234 476 370 527 ineptis
388 476 455 527 qui
473 477 551 514 dies
574 484 669 514 totos
687 477 734 515 de
758 477 878 514 officio
897 489 939 514 ac
964 476 1010 513 de
1028 476 1165 514 virtute

66 527 267 576 disserunt,
299 530 366 580 qui
391 529 439 567 ad
467 530 649 577 laborem,
670 530 718 567 ad
736 530 974 577 industriam,
1001 529 1049 566 ad
1067 528 1166 579 peri-

65 581 152 619 cula
170 594 237 632 pro
255 583 377 633 patria
399 583 607 631 subeunda,
632 583 901 628 adhortantur3
932 582 996 620 sed
1014 594 1075 619 eos
1098 581 1165 631 qui

66 633 271 685 disputent,
290 635 422 673 horam
443 636 590 673 nullam
615 649 773 674 vacuam
796 636 987 686 voluptate
1006 647 1082 672 esse
1101 635 1166 671 de-

66 688 181 733 bere;
211 688 251 724 in
280 689 384 726 omni
408 697 513 740 parte
542 690 703 740 corporis
728 702 874 740 semper
897 695 1069 749 oportere
1096 686 1164 724 ali-

67 740 170 791 quod
187 741 371 792 gaudium
390 742 747 793 delectationemque
772 742 920 780 versari.
950 741 1025 779 His
1044 741 1165 778 utitur

68 794 176 844 quasi
207 795 389 845 praefectis
417 795 620 833 libidinum
656 808 809 833 suarum
826 810 836 833 ι
879 795 920 832 111
957 795 1167 844 voluptates

67 859 198 884 omnes
226 848 411 898 vestigant
432 855 545 899 atque
573 849 799 886 odorantur:
829 848 870 885 hi
893 854 980 886 sunt
1001 847 1168 885 condito-

67 912 125 937 rae
143 900 454 952 instructoresque
471 901 656 940 convivii:
685 902 800 939 iidem
819 900 1036 951 expendunt
1055 908 1168 950 atque

67 953 254 991 aestimant
272 955 508 1006 voluptate83
539 955 835 1005 sententiamque
849 954 992 1001 dicunt,
1013 960 1049 990 et
1063 953 1167 1001 judi-

66 1013 166 1054 cant,
187 1015 373 1057 quantum
386 1007 520 1058 cuique
531 1008 679 1045 libidini
692 1008 934 1046 tribuendum
950 1020 1026 1045 esse
1040 1005 1166 1043 videa-

68 1066 141 1097 tur.
172 1060 324 1098 Horum
343 1061 406 1098 ille
420 1061 563 1098 artibus
582 1061 762 1107 eruditus,
783 1061 836 1098 ita
854 1060 1049 1099 contemsit
1067 1059 1166 1096 hanc

67 1113 379 1163 pudentissimam
408 1114 609 1162 civitatem,
635 1122 678 1151 ut
699 1125 828 1151 omnes
857 1127 943 1151 suas
971 1112 1161 1159 libidines,

66 1166 194 1204 omnia
211 1166 365 1217 flagitia,
378 1168 492 1204 latere
510 1179 618 1217 posse
635 1167 890 1215 arbitraretur,
905 1167 935 1203 si
947 1165 1061 1204 modo
1080 1165 1165 1203 vul-

67 1226 151 1257 tum
165 1219 427 1270 importunum
446 1220 484 1257 in
504 1221 630 1258 forum
648 1220 849 1258 detulisset.

124 1272 222 1319 VII.
252 1272 293 1311 Is
306 1286 368 1311 me
391 1278 642 1324 (quamquam
660 1286 722 1311 me
734 1273 888 1324 quidem
910 1285 1011 1319 n0n3
1033 1271 1171 1322 cogno-

66 1337 149 1364 ram
167 1326 283 1374 enim,
302 1334 453 1378 propter
471 1327 655 1365 Pisonum
669 1326 903 1373 affinitatem,
920 1339 955 1376 q
951 1338 1037 1363 13111
1054 1325 1167 1374 longe

68 1379 171 1417 hunc
199 1380 248 1417 ab
276 1379 346 1417 hoc
375 1392 508 1430 genere
532 1380 702 1431 cognatio
725 1386 895 1417 materna
923 1377 1167 1428 Transalpini

68 1431 261 1483 sanguinis
279 1432 508 1479 abstulisset)
535 1434 598 1471 sed
627 1446 705 1480 vos,
734 1433 999 1497 populumque
1021 1432 1166 1468 Roma-

68 1496 178 1533 num,
198 1497 274 1523 non
293 1486 446 1524 consilio
464 1498 586 1537 neque
611 1485 823 1537 eloquentia
842 1485 989 1537 (quod
978 1497 1019 1522 m
1037 1484 1168 1522 multis

67 1551 167 1589 saepe
194 1538 358 1587 accidit),
391 1539 456 1577 sed
486 1539 589 1590 rugis
617 1539 902 1590 supercilioque,
931 1538 1087 1588 decepit.
1117 1537 1166 1574 L.

69 1591 176 1639 Piso,
195 1598 287 1629 tune
312 1604 424 1631 ausus
443 1605 496 1641 es,
523 1592 594 1630 isto
612 1593 734 1642 oculo,
753 1604 829 1630 non
859 1592 983 1630 dicam
1000 1591 1071 1629 isto
1087 1590 1169 1628 ani-

69 1657 148 1693 mo,
167 1644 240 1682 ista
257 1645 392 1693 fronte,
411 1657 487 1684 non
505 1646 597 1693 vita,
616 1652 721 1684 tanto
733 1645 943 1696 supercilio,
959 1647 1050 1688 (non
1065 1643 1168 1681 enim

69 1709 225 1749 possum
244 1697 377 1745 dicere,
399 1699 512 1737 tantis
535 1701 646 1737 rebus
668 1699 796 1750 gestis)
823 1711 912 1736 cum
929 1698 981 1735 A.
1005 1696 1170 1735 Gabinio

70 1751 277 1789 consociare
305 1751 459 1790 consilia
486 1752 600 1803 pestis
628 1752 750 1790 meae?
779 1752 870 1790 Non
900 1758 937 1789 te
967 1750 1069 1787 illius
1098 1762 1172 1787 un-

72 1810 300 1854 guentorum
327 1804 431 1853 odor,
451 1817 527 1843 non
546 1805 624 1843 vini
647 1805 849 1853 anhelitus,
872 1816 948 1842 non
976 1803 1081 1841 frons
1110 1815 1172 1841 ca-

72 1856 233 1894 lamistri
258 1861 386 1896 notata
416 1858 592 1909 vestigiis,
622 1858 662 1896 in
691 1871 774 1896 eam
805 1857 1067 1909 cogitationem
1104 1856 1168 1894 ad-

69 1909 247 1957 ducebat,
266 1918 324 1958 ut,
345 1923 434 1949 cum
451 1911 554 1949 iuius
571 1924 611 1949 re
633 1911 765 1949 similis
782 1910 930 1957 fuisses,
950 1910 1083 1947 frontis
1101 1909 1171 1946 tibi

73 1962 333 2014 integumento
361 1964 410 2002 ad
428 1965 648 2003 occultanda
674 1971 779 2002 tanta
795 1964 938 2015 flagitia
955 1963 1096 2000 diutius
1114 1962 1172 1999 uti

75 2027 151 2053 non
168 2016 321 2054 liceret?
350 2016 452 2055 Cum
469 2018 540 2056 hoc
557 2025 600 2056 tu
618 2017 715 2056 coire
733 2029 847 2055 ausus
866 2029 918 2065 es,
938 2022 982 2053 ut
1000 2016 1171 2054 consula-

59 2080 154 2107 rem
179 2068 414 2119 dignitatem,
448 2077 492 2108 ut
521 2070 736 2122 reipublicae
765 2077 919 2117 statum,
949 2075 993 2106 ut
1024 2070 1172 2106 senatus

75 2121 349 2170 auctoritatem,
364 2129 409 2160 ut
425 2123 514 2162 civis
528 2124 670 2175 optime
683 2123 806 2161 meriti
825 2122 1006 2181 fortunas,
1019 2120 1172 2171 provin-

75 2174 217 2214 ciarum
233 2174 370 2215 foedere
387 2175 604 2216 addiceres?
632 2176 693 2216 Te
709 2176 874 2225 consule,
894 2174 970 2213 tuis
988 2173 1116 2212 edictis
1134 2178 1171 2211 et
