1425 2334
293 97 355 136 IN
375 94 690 136 VATINIUM.
721 97 826 138 CAP.
851 100 909 138 16.
1072 101 1147 139 341

45 206 177 257 ligeret
200 204 476 255 imperatorem.
505 202 605 250 Quis
635 204 777 255 legatos
805 219 977 258 unquam
1006 206 1151 245 audivit

45 259 126 297 sine
143 256 508 296 senatos-consulto?
537 264 623 294 ante
637 265 686 301 te,
700 269 811 296 nemo
826 274 836 297 z
866 268 951 310 post
970 259 1148 298 continuo

44 312 132 350 fecit
159 311 260 348 idem
288 310 329 347 in
357 309 506 348 duobus
533 309 712 360 prodigiis
731 312 945 362 reipublicae
965 313 1144 351 Clodius:

45 377 122 416 quo
140 364 253 402 etiam
271 364 414 412 majore
434 375 472 400 es
497 363 599 400 malo
617 366 852 412 mactandus,
874 367 975 417 quod
994 378 1069 403 non
1089 379 1148 404 so-

44 418 127 455 lum
145 417 243 456 facto
262 424 341 463 tuo,
362 416 426 454 sed
440 416 552 454 etiam
569 417 755 467 exemp10,
776 420 1049 469 rempublicam
1064 419 1148 455 vul-

46 470 211 515 nerasti;
241 482 363 521 neque
381 476 530 506 tantum
550 481 588 507 es
613 470 806 520 improbus
825 472 916 522 ipse,
948 472 1011 510 sed
1034 472 1147 510 etiam

46 523 138 562 alios
156 523 286 561 docere
304 523 466 561 voluisti.

100 577 233 627 Atque
251 576 348 614 illud
375 575 486 613 etiam
505 575 634 613 audire
654 589 676 613 a
694 583 731 614 te
758 578 882 628 cupio,
910 590 1038 628 quare,
1059 590 1147 615 cum

48 642 117 680 ego
128 630 251 680 legem
262 630 309 666 de
321 628 467 666 ambitu
481 641 527 666 ex
544 631 877 667 senatus-consulto
890 631 1055 678 tulerim,
1069 630 1149 668 sine

46 684 86 720 vi
103 683 271 729 tulerim,
291 682 401 720 salvis
419 681 593 732 auspiciis
618 682 783 729 tulerim,
816 682 917 721 salv-22
940 684 1020 734 lege
1040 684 1147 722 AElia

47 743 84 774 et
103 735 229 782 Fufia,
250 742 291 773 tu
311 748 394 772 eam
420 747 496 772 esse
522 735 643 784 legem
673 747 747 772 non
778 744 911 786 putes,
941 737 1148 787 praesertim

47 801 135 827 cum
150 801 218 839 ego
231 789 378 838 legibus
393 788 480 833 tuis,
495 800 646 838 quoquo
658 789 770 826 modo
781 790 866 826 latae
881 790 967 836 sint,
980 802 1146 840 paream.

47 842 147 880 Cum
163 855 248 879 mea
265 842 327 878 lex
343 841 505 878 dilucide
520 847 631 888 vetet,
654 844 680 863 “
696 842 872 886 Biennio,
889 855 965 893 quo
980 842 1063 893 quis
1082 855 1147 892 pe-

44 903 112 941 tat,
125 895 288 946 petituru
294 907 355 931 sve
368 894 427 940 sit,
439 894 659 943 gladiatores
671 894 772 941 dare,
786 895 856 932 nisi
869 908 914 932 ex
927 902 1148 933 testamento

44 948 254 999 praestituta
272 947 332 985 die
346 948 386 991 ;''
413 960 499 997 quae
521 955 625 984 tanta
642 947 680 984 in
701 955 737 985 te
757 948 803 985 sit
821 949 998 996 amentia,
1022 955 1078 994 ut,
1105 948 1145 986 in

41 1001 125 1052 ipsa
143 1002 334 1051 petitione,
354 1000 576 1049 gladiatores
595 1000 732 1037 audeas
751 1001 866 1039 dare?
896 1002 1004 1038 Num
1031 1014 1146 1052 quem

43 1062 166 1105 putes,
187 1054 290 1091 illius
310 1053 366 1090 tui
385 1052 579 1090 certissimi
598 1053 812 1103 gladiatoris
830 1054 1005 1099 similem,
1026 1055 1146 1092 tribu-

43 1120 137 1145 num
150 1107 268 1158 plebis
279 1119 385 1158 posse
399 1106 563 1156 reperiri,
578 1107 644 1156 qui
656 1119 693 1144 se
704 1107 929 1157 interponat,
943 1107 1148 1158 quominus

42 1173 127 1199 reus
145 1160 232 1198 mea
249 1161 331 1210 lege
350 1159 417 1196 flas
431 1162 448 1196 :³

98 1214 162 1252 Ob
181 1213 290 1251 hasce
304 1225 434 1251 omnes
452 1225 522 1259 reS,
539 1212 678 1250 sciasne
692 1220 728 1250 te
746 1213 1062 1251 severissimorum
1076 1213 1140 1251 ho-

42 1267 208 1311 minum,
229 1266 470 1312 Sabinorum,
491 1265 777 1303 fortissimorum
794 1267 974 1312 virorum,
996 1267 1144 1304 Marso-

44 1333 130 1358 rum
149 1328 187 1358 et
201 1320 461 1370 Pelignorum,
482 1318 679 1356 tribulium
695 1328 862 1365 tuorum,
879 1320 1022 1368 judicio
1040 1327 1148 1357 nota-

43 1381 153 1417 tum;
182 1385 263 1420 nec,
283 1380 368 1423 post
382 1372 548 1409 Romam
568 1372 770 1419 conditam,
797 1380 931 1422 praeter
956 1379 1006 1419 te,
1026 1373 1147 1410 tribu-

41 1426 118 1465 lem
137 1439 370 1476 quemquam
386 1425 527 1462 tribum
548 1425 717 1475 Sergiam
736 1425 938 1476 perdidisse
952 1428 969 1463 ‚⁹

94 1479 212 1517 XVI.
240 1480 316 1525 Ac,
348 1479 380 1516 si
408 1478 488 1516 haec
516 1478 643 1515 omnia
672 1479 879 1516 contemnis
904 1492 947 1517 ac
974 1478 1145 1529 despicis,

44 1532 147 1584 quod
161 1532 213 1569 ita
232 1532 301 1570 tibi
318 1531 542 1582 persuaseris
566 1535 626 1573 (ut
643 1532 770 1582 palam
789 1532 967 1579 dictitas),
987 1539 1038 1579 te,
1059 1531 1147 1570 Diis

44 1585 336 1636 hominibusque
354 1585 494 1631 invitis,
507 1597 633 1622 amore
646 1585 686 1622 in
705 1593 742 1623 te
760 1585 968 1623 incredibili
980 1585 1146 1635 quodam

45 1638 90 1677 C.
105 1637 277 1684 Caesaris,
293 1638 435 1684 omnia,
450 1651 535 1688 quae
554 1639 659 1684 velis,
680 1646 991 1682 consecuturum3
1013 1637 1147 1687 ecquid

45 1691 221 1738 audieris,
241 1691 455 1741 ecquisnam
479 1690 548 1728 tibi
575 1691 724 1739 dixerit,
756 1692 799 1730 C.
821 1692 1007 1729 Caesarem
1025 1703 1148 1740 nuper

45 1743 249 1795 Aquileiae,
281 1756 368 1780 cum
396 1743 442 1781 de
474 1744 702 1794 quibusdam
735 1752 828 1782 esset
859 1744 1002 1781 mentio
1033 1744 1146 1791 facta,

45 1797 196 1843 dixisse,
231 1796 274 1834 C.
305 1796 456 1833 Alfium
484 1797 716 1847 praeteritum
747 1797 969 1848 permoleste
1001 1796 1144 1843 tulisse,

47 1849 149 1901 quod
167 1849 206 1886 in
225 1849 378 1886 homine
396 1862 585 1887 summam
611 1850 723 1888 fidem
755 1850 1056 1901 probitatemque
1086 1861 1146 1886 co-

46 1904 223 1953 gn6sset;
253 1902 488 1953 graviterque
514 1903 626 1940 etiam
649 1916 687 1940 se
716 1903 825 1949 ferre,
855 1910 1052 1953 praetorem
1078 1901 1148 1938 ali-

45 1968 162 2007 quem
181 1967 258 1992 esse
275 1955 432 2002 factum,
453 1955 519 2005 qui
538 1969 561 1992 a
579 1956 654 1993 suis
669 1956 874 1994 rationibus
885 1955 1114 1992 dissensisset
1128 1955 1146 1991 Ρ

44 2015 125 2046 tum
147 2008 323 2059 quaesisse
341 2008 559 2058 quemdam,
580 2008 626 2046 de
645 2009 800 2046 Vatinio
823 2007 1147 2059 quemadmodum

43 2061 179 2106 ferret;
208 2061 335 2111 ipsum
366 2060 611 2111 respondisse,
647 2062 848 2099 Vatinium
881 2061 921 2098 in
952 2060 1147 2098 tribunatu

44 2114 160 2164 gratis
176 2113 273 2151 nihil
290 2113 442 2152 fecisse:
473 2113 540 2165 qui
558 2114 687 2152 onmia
705 2115 744 2151 in
770 2113 930 2165 pecunia
948 2112 1146 2164 posuisset,

43 2166 183 2205 honore
202 2167 329 2206 animo
343 2179 452 2217 aequo
471 2179 593 2205 carere
610 2167 775 2206 debere?

758 2221 782 2257 2
805 2231 831 2256 G
852 2220 877 2256 3
