<?xml version="1.0" encoding="UTF-8"?>
<!DOCTYPE html PUBLIC "-//W3C//DTD XHTML 1.0 Transitional//EN"
    "http://www.w3.org/TR/xhtml1/DTD/xhtml1-transitional.dtd">
<html xmlns="http://www.w3.org/1999/xhtml" xml:lang="en" lang="en">
 <head>
  <title>
</title>
<meta http-equiv="Content-Type" content="text/html;charset=utf-8" />
  <meta name='ocr-system' content='tesseract 3.04.00' />
  <meta name='ocr-capabilities' content='ocr_page ocr_carea ocr_par ocr_line ocrx_word'/>
</head>
<body>
  <div class='ocr_page' id='page_1' title='image "./operaern07ciceuoft_0367.png"; bbox 0 0 1389 2339; ppageno 0'>
   <div class='ocr_carea' id='block_1_1' title="bbox 380 88 1210 128">
    <p class='ocr_par' dir='ltr' id='par_1_1' title="bbox 380 88 1210 128">
     <span class='ocr_line' id='line_1_1' title="bbox 380 88 1210 128; baseline -0.002 0"><span class='ocrx_word' id='word_1_1' title='bbox 380 89 492 128; x_wconf 88' lang='lat' dir='ltr'>PRO</span> <span class='ocrx_word' id='word_1_2' title='bbox 522 88 724 127; x_wconf 87' lang='lat' dir='ltr'><strong>COELIO.</strong></span> <span class='ocrx_word' id='word_1_3' title='bbox 755 88 858 126; x_wconf 71' lang='lat' dir='ltr'><strong>CAP.</strong></span> <span class='ocrx_word' id='word_1_4' title='bbox 884 88 942 126; x_wconf 87' lang='lat'>10.</span> <span class='ocrx_word' id='word_1_5' title='bbox 1130 88 1210 126; x_wconf 78' lang='lat'>353</span> 
     </span>
    </p>
   </div>
   <div class='ocr_carea' id='block_1_2' title="bbox 100 194 1216 2171">
    <p class='ocr_par' dir='ltr' id='par_1_2' title="bbox 105 194 1216 564">
     <span class='ocr_line' id='line_1_2' title="bbox 107 194 1216 246; baseline 0.001 -15"><span class='ocrx_word' id='word_1_6' title='bbox 107 195 249 243; x_wconf 85' lang='lat' dir='ltr'>justam</span> <span class='ocrx_word' id='word_1_7' title='bbox 267 195 389 233; x_wconf 85' lang='lat' dir='ltr'>alieno</span> <span class='ocrx_word' id='word_1_8' title='bbox 410 195 530 233; x_wconf 91' lang='lat' dir='ltr'>dolori</span> <span class='ocrx_word' id='word_1_9' title='bbox 547 195 687 246; x_wconf 84' lang='lat' dir='ltr'>potius,</span> <span class='ocrx_word' id='word_1_10' title='bbox 716 207 832 245; x_wconf 87' lang='lat' dir='ltr'>quam</span> <span class='ocrx_word' id='word_1_11' title='bbox 851 201 981 233; x_wconf 86' lang='lat' dir='ltr'>vestrae</span> <span class='ocrx_word' id='word_1_12' title='bbox 998 194 1100 244; x_wconf 85' lang='lat' dir='ltr'>fidei,</span> <span class='ocrx_word' id='word_1_13' title='bbox 1128 206 1216 233; x_wconf 92' lang='lat' dir='ltr'>con-</span> 
     </span>
     <span class='ocr_line' id='line_1_3' title="bbox 109 247 1214 299; baseline 0 -14"><span class='ocrx_word' id='word_1_14' title='bbox 109 247 269 285; x_wconf 81' lang='lat' dir='ltr'>sulendi.</span> <span class='ocrx_word' id='word_1_15' title='bbox 299 247 398 295; x_wconf 89' lang='lat' dir='ltr'>Quae</span> <span class='ocrx_word' id='word_1_16' title='bbox 412 249 460 286; x_wconf 90' lang='lat' dir='ltr'>sit</span> <span class='ocrx_word' id='word_1_17' title='bbox 473 248 678 286; x_wconf 90' lang='lat' dir='ltr'>multitudo</span> <span class='ocrx_word' id='word_1_18' title='bbox 693 247 731 284; x_wconf 89' lang='lat' dir='ltr'>in</span> <span class='ocrx_word' id='word_1_19' title='bbox 746 247 840 293; x_wconf 86' lang='lat' dir='ltr'>foro,</span> <span class='ocrx_word' id='word_1_20' title='bbox 855 261 939 298; x_wconf 83' lang='lat' dir='ltr'>quae</span> <span class='ocrx_word' id='word_1_21' title='bbox 957 260 1106 298; x_wconf 86' lang='lat' dir='ltr'>genera,</span> <span class='ocrx_word' id='word_1_22' title='bbox 1128 262 1214 299; x_wconf 87' lang='lat' dir='ltr'>quae</span> 
     </span>
     <span class='ocr_line' id='line_1_4' title="bbox 110 300 1214 352; baseline 0.001 -15"><span class='ocrx_word' id='word_1_23' title='bbox 110 300 248 348; x_wconf 86' lang='lat' dir='ltr'>studia,</span> <span class='ocrx_word' id='word_1_24' title='bbox 268 314 354 351; x_wconf 89' lang='lat' dir='ltr'>quae</span> <span class='ocrx_word' id='word_1_25' title='bbox 373 301 529 339; x_wconf 87' lang='lat' dir='ltr'>varietas</span> <span class='ocrx_word' id='word_1_26' title='bbox 542 301 757 345; x_wconf 87' lang='lat' dir='ltr'>hominum,</span> <span class='ocrx_word' id='word_1_27' title='bbox 771 300 913 337; x_wconf 80' lang='lat' dir='ltr'>videtis.</span> <span class='ocrx_word' id='word_1_28' title='bbox 943 300 1007 338; x_wconf 80' lang='lat' dir='ltr'>Ex</span> <span class='ocrx_word' id='word_1_29' title='bbox 1018 301 1088 339; x_wconf 89' lang='lat' dir='ltr'>hac</span> <span class='ocrx_word' id='word_1_30' title='bbox 1107 301 1214 352; x_wconf 83' lang='lat' dir='ltr'>copia</span> 
     </span>
     <span class='ocr_line' id='line_1_5' title="bbox 110 353 1215 406; baseline 0.001 -16"><span class='ocrx_word' id='word_1_31' title='bbox 110 366 227 403; x_wconf 87' lang='lat' dir='ltr'>quam</span> <span class='ocrx_word' id='word_1_32' title='bbox 245 354 386 392; x_wconf 89' lang='lat' dir='ltr'>multos</span> <span class='ocrx_word' id='word_1_33' title='bbox 404 367 482 392; x_wconf 85' lang='lat' dir='ltr'>esse</span> <span class='ocrx_word' id='word_1_34' title='bbox 499 354 747 400; x_wconf 75' lang='lat' dir='ltr'>arbitramini,</span> <span class='ocrx_word' id='word_1_35' title='bbox 768 353 834 404; x_wconf 89' lang='lat' dir='ltr'>qui</span> <span class='ocrx_word' id='word_1_36' title='bbox 852 353 1068 392; x_wconf 88' lang='lat' dir='ltr'>hominibus</span> <span class='ocrx_word' id='word_1_37' title='bbox 1082 363 1215 406; x_wconf 89' lang='lat' dir='ltr'>poten-</span> 
     </span>
     <span class='ocr_line' id='line_1_6' title="bbox 109 406 1214 457; baseline 0.001 -14"><span class='ocrx_word' id='word_1_38' title='bbox 109 406 226 454; x_wconf 90' lang='lat' dir='ltr'>tibus,</span> <span class='ocrx_word' id='word_1_39' title='bbox 245 407 428 456; x_wconf 82' lang='lat' dir='ltr'>gratiosis,</span> <span class='ocrx_word' id='word_1_40' title='bbox 453 408 610 455; x_wconf 79' lang='lat' dir='ltr'><strong>disertis,</strong></span> <span class='ocrx_word' id='word_1_41' title='bbox 638 419 725 445; x_wconf 91' lang='lat' dir='ltr'>cum</span> <span class='ocrx_word' id='word_1_42' title='bbox 753 406 896 457; x_wconf 82' lang='lat' dir='ltr'>ahquid</span> <span class='ocrx_word' id='word_1_43' title='bbox 915 420 975 444; x_wconf 90' lang='lat' dir='ltr'>eos</span> <span class='ocrx_word' id='word_1_44' title='bbox 993 408 1088 446; x_wconf 79' lang='lat' dir='ltr'>velle</span> <span class='ocrx_word' id='word_1_45' title='bbox 1115 408 1214 445; x_wconf 87' lang='lat' dir='ltr'>arbi-</span> 
     </span>
     <span class='ocr_line' id='line_1_7' title="bbox 108 461 1213 511; baseline 0.002 -15"><span class='ocrx_word' id='word_1_46' title='bbox 108 465 267 505; x_wconf 86' lang='lat' dir='ltr'>trentur,</span> <span class='ocrx_word' id='word_1_47' title='bbox 281 461 380 498; x_wconf 92' lang='lat' dir='ltr'>ultro</span> <span class='ocrx_word' id='word_1_48' title='bbox 399 474 437 499; x_wconf 89' lang='lat' dir='ltr'>se</span> <span class='ocrx_word' id='word_1_49' title='bbox 455 461 586 499; x_wconf 87' lang='lat' dir='ltr'>offerre</span> <span class='ocrx_word' id='word_1_50' title='bbox 600 461 756 508; x_wconf 85' lang='lat' dir='ltr'>soleant,</span> <span class='ocrx_word' id='word_1_51' title='bbox 776 473 927 511; x_wconf 87' lang='lat' dir='ltr'>operam</span> <span class='ocrx_word' id='word_1_52' title='bbox 947 472 1019 498; x_wconf 74' lang='lat' dir='ltr'>nav</span> <span class='ocrx_word' id='word_1_53' title='bbox 1021 474 1096 509; x_wconf 83' lang='grc'>310,</span> <span class='ocrx_word' id='word_1_54' title='bbox 1110 461 1213 498; x_wconf 86' lang='grc'>10511-</span> 
     </span>
     <span class='ocr_line' id='line_1_8' title="bbox 105 512 493 564; baseline 0.01 -15"><span class='ocrx_word' id='word_1_55' title='bbox 105 512 278 550; x_wconf 83' lang='grc'>111011111111</span> <span class='ocrx_word' id='word_1_56' title='bbox 297 514 463 564; x_wconf 84' lang='lat' dir='ltr'>polliceri</span> <span class='ocrx_word' id='word_1_57' title='bbox 476 517 493 552; x_wconf 74' lang='grc' dir='ltr'>Ρ</span> 
     </span>
    </p>

    <p class='ocr_par' dir='ltr' id='par_1_3' title="bbox 104 565 1214 1203">
     <span class='ocr_line' id='line_1_9' title="bbox 162 565 1212 618; baseline 0.002 -15"><span class='ocrx_word' id='word_1_58' title='bbox 162 565 249 603; x_wconf 88' lang='grc' dir='ltr'>Ηο0</span> <span class='ocrx_word' id='word_1_59' title='bbox 271 579 317 604; x_wconf 82' lang='lat' dir='ltr'>ex</span> <span class='ocrx_word' id='word_1_60' title='bbox 334 580 468 617; x_wconf 81' lang='lat' dir='ltr'>genere</span> <span class='ocrx_word' id='word_1_61' title='bbox 486 567 516 605; x_wconf 90' lang='lat' dir='ltr'>si</span> <span class='ocrx_word' id='word_1_62' title='bbox 531 567 598 618; x_wconf 87' lang='lat' dir='ltr'>qui</span> <span class='ocrx_word' id='word_1_63' title='bbox 617 580 654 605; x_wconf 91' lang='lat' dir='ltr'>se</span> <span class='ocrx_word' id='word_1_64' title='bbox 668 567 707 604; x_wconf 85' lang='lat' dir='ltr'>in</span> <span class='ocrx_word' id='word_1_65' title='bbox 725 568 796 605; x_wconf 90' lang='lat' dir='ltr'>hoc</span> <span class='ocrx_word' id='word_1_66' title='bbox 811 567 998 616; x_wconf 88' lang='lat' dir='ltr'>judicium</span> <span class='ocrx_word' id='word_1_67' title='bbox 1015 567 1110 605; x_wconf 87' lang='lat' dir='ltr'>forte</span> <span class='ocrx_word' id='word_1_68' title='bbox 1126 580 1212 618; x_wconf 90' lang='lat' dir='ltr'>pro-</span> 
     </span>
     <span class='ocr_line' id='line_1_10' title="bbox 107 619 1211 672; baseline 0.003 -16"><span class='ocrx_word' id='word_1_69' title='bbox 107 619 276 668; x_wconf 85' lang='lat' dir='ltr'>jecerint,</span> <span class='ocrx_word' id='word_1_70' title='bbox 298 621 522 658; x_wconf 82' lang='lat' dir='ltr'>excluditote</span> <span class='ocrx_word' id='word_1_71' title='bbox 541 633 671 658; x_wconf 88' lang='lat' dir='ltr'>eorum</span> <span class='ocrx_word' id='word_1_72' title='bbox 695 621 952 672; x_wconf 84' lang='lat' dir='ltr'>cupiditatem,</span> <span class='ocrx_word' id='word_1_73' title='bbox 974 621 1131 669; x_wconf 85' lang='lat' dir='ltr'>J&#39;udices,</span> <span class='ocrx_word' id='word_1_74' title='bbox 1153 634 1211 659; x_wconf 91' lang='lat' dir='ltr'>sa-</span> 
     </span>
     <span class='ocr_line' id='line_1_11' title="bbox 110 671 1214 724; baseline 0.004 -16"><span class='ocrx_word' id='word_1_75' title='bbox 110 671 253 723; x_wconf 82' lang='lat' dir='ltr'>pientia</span> <span class='ocrx_word' id='word_1_76' title='bbox 272 686 333 711; x_wconf 85' lang='lat' dir='ltr'>ves</span> <span class='ocrx_word' id='word_1_77' title='bbox 335 674 418 718; x_wconf 87' lang='lat' dir='ltr'>tra;</span> <span class='ocrx_word' id='word_1_78' title='bbox 448 682 491 711; x_wconf 92' lang='lat' dir='ltr'>ut</span> <span class='ocrx_word' id='word_1_79' title='bbox 519 674 651 712; x_wconf 90' lang='lat' dir='ltr'>eodem</span> <span class='ocrx_word' id='word_1_80' title='bbox 673 683 840 724; x_wconf 87' lang='lat' dir='ltr'>tempore</span> <span class='ocrx_word' id='word_1_81' title='bbox 859 682 894 711; x_wconf 87' lang='lat' dir='ltr'>et</span> <span class='ocrx_word' id='word_1_82' title='bbox 916 674 1031 722; x_wconf 82' lang='lat' dir='ltr'>hujus</span> <span class='ocrx_word' id='word_1_83' title='bbox 1047 675 1159 712; x_wconf 84' lang='lat' dir='ltr'>saluti</span> <span class='ocrx_word' id='word_1_84' title='bbox 1178 682 1214 712; x_wconf 93' lang='lat' dir='ltr'>et</span> 
     </span>
     <span class='ocr_line' id='line_1_12' title="bbox 106 725 1214 777; baseline 0.004 -15"><span class='ocrx_word' id='word_1_85' title='bbox 106 725 278 775; x_wconf 81' lang='lat' dir='ltr'>religioni</span> <span class='ocrx_word' id='word_1_86' title='bbox 292 734 436 773; x_wconf 85' lang='lat' dir='ltr'>vestrae,</span> <span class='ocrx_word' id='word_1_87' title='bbox 453 735 502 772; x_wconf 89' lang='lat' dir='ltr'>et,</span> <span class='ocrx_word' id='word_1_88' title='bbox 523 735 650 765; x_wconf 90' lang='lat' dir='ltr'>contra</span> <span class='ocrx_word' id='word_1_89' title='bbox 667 728 995 777; x_wconf 80' lang='lat' dir='ltr'>periculosissimas</span> <span class='ocrx_word' id='word_1_90' title='bbox 1013 727 1214 766; x_wconf 89' lang='lat' dir='ltr'>hominum</span> 
     </span>
     <span class='ocr_line' id='line_1_13' title="bbox 106 779 1213 830; baseline 0.004 -15"><span class='ocrx_word' id='word_1_91' title='bbox 106 779 305 829; x_wconf 76' lang='lat' dir='ltr'>potentias,</span> <span class='ocrx_word' id='word_1_92' title='bbox 322 780 525 818; x_wconf 89' lang='lat' dir='ltr'>conditioni</span> <span class='ocrx_word' id='word_1_93' title='bbox 539 780 710 818; x_wconf 82' lang='lat' dir='ltr'>omnium</span> <span class='ocrx_word' id='word_1_94' title='bbox 722 781 875 828; x_wconf 83' lang='lat' dir='ltr'>civ1um,</span> <span class='ocrx_word' id='word_1_95' title='bbox 890 780 1093 830; x_wconf 85' lang='lat' dir='ltr'>providisse</span> <span class='ocrx_word' id='word_1_96' title='bbox 1113 782 1213 819; x_wconf 91' lang='lat' dir='ltr'>vide-</span> 
     </span>
     <span class='ocr_line' id='line_1_14' title="bbox 109 831 1214 885; baseline 0.004 -17"><span class='ocrx_word' id='word_1_97' title='bbox 109 831 239 868; x_wconf 85' lang='lat' dir='ltr'>amini.</span> <span class='ocrx_word' id='word_1_98' title='bbox 287 833 480 883; x_wconf 88' lang='lat' dir='ltr'>Equidem</span> <span class='ocrx_word' id='word_1_99' title='bbox 516 846 580 872; x_wconf 79' lang='lat' dir='ltr'>vos</span> <span class='ocrx_word' id='word_1_100' title='bbox 610 834 795 872; x_wconf 87' lang='lat' dir='ltr'>abducam</span> <span class='ocrx_word' id='word_1_101' title='bbox 828 847 851 870; x_wconf 91' lang='lat' dir='ltr'>a</span> <span class='ocrx_word' id='word_1_102' title='bbox 882 834 1061 879; x_wconf 83' lang='lat' dir='ltr'>testibus,</span> <span class='ocrx_word' id='word_1_103' title='bbox 1052 848 1061 857; x_wconf 91' lang='lat'><strong>·</strong></span> <span class='ocrx_word' id='word_1_104' title='bbox 1091 847 1214 885; x_wconf 89' lang='lat' dir='ltr'>neque</span> 
     </span>
     <span class='ocr_line' id='line_1_15' title="bbox 107 884 1213 947; baseline 0.003 -25"><span class='ocrx_word' id='word_1_105' title='bbox 107 884 222 946; x_wconf 81' lang='lat' dir='ltr'>hujus</span> <span class='ocrx_word' id='word_1_106' title='bbox 247 886 379 934; x_wconf 86' lang='lat' dir='ltr'>judicii</span> <span class='ocrx_word' id='word_1_107' title='bbox 407 887 614 947; x_wconf 80' lang='lat' dir='ltr'>veritatem,</span> <span class='ocrx_word' id='word_1_108' title='bbox 635 901 720 938; x_wconf 87' lang='lat' dir='ltr'>quae</span> <span class='ocrx_word' id='word_1_109' title='bbox 737 887 877 924; x_wconf 88' lang='lat' dir='ltr'>mutari</span> <span class='ocrx_word' id='word_1_110' title='bbox 895 887 1000 924; x_wconf 90' lang='lat' dir='ltr'>nullo</span> <span class='ocrx_word' id='word_1_111' title='bbox 1018 888 1131 925; x_wconf 87' lang='lat' dir='ltr'>modo</span> <span class='ocrx_word' id='word_1_112' title='bbox 1146 901 1213 938; x_wconf 93' lang='lat' dir='ltr'>po-</span> 
     </span>
     <span class='ocr_line' id='line_1_16' title="bbox 106 939 1213 991; baseline 0.004 -16"><span class='ocrx_word' id='word_1_113' title='bbox 106 944 191 984; x_wconf 87' lang='lat' dir='ltr'>test,</span> <span class='ocrx_word' id='word_1_114' title='bbox 206 939 246 976; x_wconf 88' lang='lat' dir='ltr'>in</span> <span class='ocrx_word' id='word_1_115' title='bbox 267 940 458 977; x_wconf 82' lang='lat' dir='ltr'>voluntate</span> <span class='ocrx_word' id='word_1_116' title='bbox 473 940 622 978; x_wconf 84' lang='lat' dir='ltr'>testium</span> <span class='ocrx_word' id='word_1_117' title='bbox 643 940 813 978; x_wconf 83' lang='lat' dir='ltr'>collocari</span> <span class='ocrx_word' id='word_1_118' title='bbox 832 940 978 984; x_wconf 79' lang='lat' dir='ltr'>sinam3</span> <span class='ocrx_word' id='word_1_119' title='bbox 1008 954 1094 991; x_wconf 84' lang='lat' dir='ltr'>quae</span> <span class='ocrx_word' id='word_1_120' title='bbox 1107 941 1213 979; x_wconf 81' lang='lat' dir='ltr'>facil-</span> 
     </span>
     <span class='ocr_line' id='line_1_17' title="bbox 107 990 1209 1053; baseline 0.003 -25"><span class='ocrx_word' id='word_1_121' title='bbox 107 990 199 1029; x_wconf 89' lang='lat' dir='ltr'>lime</span> <span class='ocrx_word' id='word_1_122' title='bbox 217 992 323 1042; x_wconf 89' lang='lat' dir='ltr'>fingi,</span> <span class='ocrx_word' id='word_1_123' title='bbox 353 993 459 1030; x_wconf 91' lang='lat' dir='ltr'>nullo</span> <span class='ocrx_word' id='word_1_124' title='bbox 486 994 635 1053; x_wconf 81' lang='lat' dir='ltr'>negotio</span> <span class='ocrx_word' id='word_1_125' title='bbox 655 993 752 1031; x_wconf 84' lang='lat' dir='ltr'>flecti</span> <span class='ocrx_word' id='word_1_126' title='bbox 770 1006 812 1030; x_wconf 92' lang='grc'>30</span> <span class='ocrx_word' id='word_1_127' title='bbox 831 993 1056 1053; x_wconf 82' lang='lat' dir='ltr'>detorqueri,</span> <span class='ocrx_word' id='word_1_128' title='bbox 1077 1002 1209 1044; x_wconf 86' lang='lat' dir='ltr'>potest.</span> 
     </span>
     <span class='ocr_line' id='line_1_18' title="bbox 107 1044 1210 1105; baseline 0.004 -24"><span class='ocrx_word' id='word_1_129' title='bbox 107 1044 359 1105; x_wconf 85' lang='lat' dir='ltr'>Argumentis</span> <span class='ocrx_word' id='word_1_130' title='bbox 387 1059 566 1096; x_wconf 88' lang='lat' dir='ltr'>agemus·</span> <span class='ocrx_word' id='word_1_131' title='bbox 598 1046 713 1097; x_wconf 89' lang='lat' dir='ltr'>signis</span> <span class='ocrx_word' id='word_1_132' title='bbox 743 1046 847 1084; x_wconf 86' lang='lat' dir='ltr'>omni</span> <span class='ocrx_word' id='word_1_133' title='bbox 878 1047 961 1084; x_wconf 93' lang='lat' dir='ltr'>luce</span> <span class='ocrx_word' id='word_1_134' title='bbox 994 1047 1210 1085; x_wconf 86' lang='lat' dir='ltr'>clarioribus</span> 
     </span>
     <span class='ocr_line' id='line_1_19' title="bbox 109 1098 1209 1150; baseline 0.003 -15"><span class='ocrx_word' id='word_1_135' title='bbox 109 1098 266 1136; x_wconf 88' lang='lat' dir='ltr'>crimina</span> <span class='ocrx_word' id='word_1_136' title='bbox 295 1098 531 1136; x_wconf 87' lang='lat' dir='ltr'>refellemus:</span> <span class='ocrx_word' id='word_1_137' title='bbox 561 1113 618 1137; x_wconf 90' lang='lat' dir='ltr'>res</span> <span class='ocrx_word' id='word_1_138' title='bbox 641 1112 729 1137; x_wconf 89' lang='lat' dir='ltr'>cum</span> <span class='ocrx_word' id='word_1_139' title='bbox 754 1112 807 1147; x_wconf 89' lang='lat' dir='ltr'>re,</span> <span class='ocrx_word' id='word_1_140' title='bbox 834 1112 945 1137; x_wconf 88' lang='lat' dir='ltr'>causa</span> <span class='ocrx_word' id='word_1_141' title='bbox 970 1113 1056 1137; x_wconf 85' lang='lat' dir='ltr'>cum</span> <span class='ocrx_word' id='word_1_142' title='bbox 1082 1114 1209 1150; x_wconf 86' lang='lat' dir='ltr'>causa,</span> 
     </span>
     <span class='ocr_line' id='line_1_20' title="bbox 104 1151 694 1203; baseline 0.007 -16"><span class='ocrx_word' id='word_1_143' title='bbox 104 1151 198 1188; x_wconf 84' lang='lat' dir='ltr'>ratio</span> <span class='ocrx_word' id='word_1_144' title='bbox 213 1165 301 1189; x_wconf 90' lang='lat' dir='ltr'>cum</span> <span class='ocrx_word' id='word_1_145' title='bbox 320 1152 475 1198; x_wconf 89' lang='lat' dir='ltr'>ratione,</span> <span class='ocrx_word' id='word_1_146' title='bbox 497 1153 694 1203; x_wconf 80' lang='lat' dir='ltr'>pugnabit.</span> 
     </span>
    </p>

    <p class='ocr_par' dir='ltr' id='par_1_4' title="bbox 100 1191 1210 2002">
     <span class='ocr_line' id='line_1_21' title="bbox 161 1191 1210 1257; baseline 0.003 -16"><span class='ocrx_word' id='word_1_147' title='bbox 161 1204 212 1241; x_wconf 88' lang='lat' dir='ltr'>X.</span> <span class='ocrx_word' id='word_1_148' title='bbox 244 1206 381 1255; x_wconf 87' lang='lat' dir='ltr'>Itaque</span> <span class='ocrx_word' id='word_1_149' title='bbox 395 1206 501 1243; x_wconf 85' lang='lat' dir='ltr'>illam</span> <span class='ocrx_word' id='word_1_150' title='bbox 521 1214 665 1257; x_wconf 86' lang='lat' dir='ltr'>partem</span> <span class='ocrx_word' id='word_1_151' title='bbox 685 1219 804 1244; x_wconf 78' lang='lat' dir='ltr'>causae</span> <span class='ocrx_word' id='word_1_152' title='bbox 822 1191 930 1243; x_wconf 80' lang='lat' dir='ltr'>facile</span> <span class='ocrx_word' id='word_1_153' title='bbox 948 1207 1069 1256; x_wconf 86' lang='lat' dir='ltr'>patior</span> <span class='ocrx_word' id='word_1_154' title='bbox 1086 1207 1210 1256; x_wconf 87' lang='lat' dir='ltr'>gravi-</span> 
     </span>
     <span class='ocr_line' id='line_1_22' title="bbox 107 1259 1209 1310; baseline 0.003 -16"><span class='ocrx_word' id='word_1_155' title='bbox 107 1264 163 1294; x_wconf 82' lang='lat' dir='ltr'>ter</span> <span class='ocrx_word' id='word_1_156' title='bbox 181 1265 217 1294; x_wconf 91' lang='lat' dir='ltr'>et</span> <span class='ocrx_word' id='word_1_157' title='bbox 229 1267 356 1295; x_wconf 90' lang='lat' dir='ltr'>ornate</span> <span class='ocrx_word' id='word_1_158' title='bbox 368 1272 389 1295; x_wconf 88' lang='lat' dir='ltr'>a</span> <span class='ocrx_word' id='word_1_159' title='bbox 405 1259 464 1295; x_wconf 81' lang='lat' dir='ltr'>M.</span> <span class='ocrx_word' id='word_1_160' title='bbox 480 1259 614 1296; x_wconf 81' lang='lat' dir='ltr'>Crasso</span> <span class='ocrx_word' id='word_1_161' title='bbox 630 1273 705 1297; x_wconf 90' lang='lat' dir='ltr'>esse</span> <span class='ocrx_word' id='word_1_162' title='bbox 719 1267 943 1310; x_wconf 89' lang='lat' dir='ltr'>peroratam,</span> <span class='ocrx_word' id='word_1_163' title='bbox 960 1259 1006 1297; x_wconf 92' lang='lat' dir='ltr'>de</span> <span class='ocrx_word' id='word_1_164' title='bbox 1020 1259 1209 1297; x_wconf 84' lang='lat' dir='ltr'>seditioni-</span> 
     </span>
     <span class='ocr_line' id='line_1_23' title="bbox 109 1311 1209 1362; baseline 0.004 -15"><span class='ocrx_word' id='word_1_165' title='bbox 109 1311 180 1348; x_wconf 86' lang='lat' dir='ltr'>bus</span> <span class='ocrx_word' id='word_1_166' title='bbox 217 1311 493 1362; x_wconf 83' lang='lat' dir='ltr'>Neapolitanis,</span> <span class='ocrx_word' id='word_1_167' title='bbox 532 1313 578 1350; x_wconf 91' lang='lat' dir='ltr'>de</span> <span class='ocrx_word' id='word_1_168' title='bbox 611 1312 960 1350; x_wconf 79' lang='lat' dir='ltr'>Alexandrinorum</span> <span class='ocrx_word' id='word_1_169' title='bbox 998 1313 1209 1362; x_wconf 86' lang='lat' dir='ltr'>pulsatione</span> 
     </span>
     <span class='ocr_line' id='line_1_24' title="bbox 104 1363 1209 1411; baseline 0.005 -11"><span class='ocrx_word' id='word_1_170' title='bbox 104 1363 328 1411; x_wconf 73' lang='lat' dir='ltr'>Puteolana,</span> <span class='ocrx_word' id='word_1_171' title='bbox 357 1364 403 1402; x_wconf 87' lang='lat' dir='ltr'>de</span> <span class='ocrx_word' id='word_1_172' title='bbox 421 1365 528 1403; x_wconf 87' lang='lat' dir='ltr'>bonis</span> <span class='ocrx_word' id='word_1_173' title='bbox 547 1366 676 1403; x_wconf 88' lang='lat' dir='ltr'>Pallae.</span> <span class='ocrx_word' id='word_1_174' title='bbox 706 1365 857 1403; x_wconf 89' lang='lat' dir='ltr'>Vellem</span> <span class='ocrx_word' id='word_1_175' title='bbox 877 1365 1020 1402; x_wconf 89' lang='lat' dir='ltr'>dictum</span> <span class='ocrx_word' id='word_1_176' title='bbox 1041 1373 1134 1403; x_wconf 91' lang='lat' dir='ltr'>esset</span> <span class='ocrx_word' id='word_1_177' title='bbox 1161 1368 1209 1405; x_wconf 92' lang='lat' dir='ltr'>ab</span> 
     </span>
     <span class='ocr_line' id='line_1_25' title="bbox 106 1416 1206 1470; baseline 0.005 -17"><span class='ocrx_word' id='word_1_178' title='bbox 106 1416 238 1454; x_wconf 90' lang='lat' dir='ltr'>eodem</span> <span class='ocrx_word' id='word_1_179' title='bbox 257 1417 370 1455; x_wconf 89' lang='lat' dir='ltr'>etiam</span> <span class='ocrx_word' id='word_1_180' title='bbox 390 1418 435 1455; x_wconf 88' lang='lat' dir='ltr'>de</span> <span class='ocrx_word' id='word_1_181' title='bbox 450 1418 598 1456; x_wconf 88' lang='lat' dir='ltr'>Dione:</span> <span class='ocrx_word' id='word_1_182' title='bbox 629 1419 675 1456; x_wconf 91' lang='lat' dir='ltr'>de</span> <span class='ocrx_word' id='word_1_183' title='bbox 694 1431 769 1469; x_wconf 93' lang='lat' dir='ltr'>quo</span> <span class='ocrx_word' id='word_1_184' title='bbox 786 1418 867 1468; x_wconf 90' lang='lat' dir='ltr'>ipso</span> <span class='ocrx_word' id='word_1_185' title='bbox 881 1425 1006 1456; x_wconf 87' lang='lat' dir='ltr'>tamen</span> <span class='ocrx_word' id='word_1_186' title='bbox 1027 1419 1119 1470; x_wconf 86' lang='lat' dir='ltr'>quid</span> <span class='ocrx_word' id='word_1_187' title='bbox 1138 1429 1206 1468; x_wconf 88' lang='lat' dir='ltr'>est,</span> 
     </span>
     <span class='ocr_line' id='line_1_26' title="bbox 108 1469 1206 1522; baseline 0.003 -16"><span class='ocrx_word' id='word_1_188' title='bbox 108 1469 210 1519; x_wconf 87' lang='lat' dir='ltr'>quod</span> <span class='ocrx_word' id='word_1_189' title='bbox 229 1471 462 1520; x_wconf 86' lang='lat' dir='ltr'>exspectetis,</span> <span class='ocrx_word' id='word_1_190' title='bbox 483 1472 619 1522; x_wconf 90' lang='lat' dir='ltr'>quod</span> <span class='ocrx_word' id='word_1_191' title='bbox 609 1485 654 1518; x_wconf 91' lang='lat' dir='ltr'>1s,</span> <span class='ocrx_word' id='word_1_192' title='bbox 684 1472 751 1522; x_wconf 90' lang='lat' dir='ltr'>qui</span> <span class='ocrx_word' id='word_1_193' title='bbox 768 1471 869 1516; x_wconf 87' lang='lat' dir='ltr'>fecit,</span> <span class='ocrx_word' id='word_1_194' title='bbox 895 1480 962 1509; x_wconf 89' lang='lat' dir='ltr'>aut</span> <span class='ocrx_word' id='word_1_195' title='bbox 982 1484 1058 1510; x_wconf 91' lang='lat' dir='ltr'>non</span> <span class='ocrx_word' id='word_1_196' title='bbox 1084 1472 1206 1520; x_wconf 83' lang='lat' dir='ltr'>timet,</span> 
     </span>
     <span class='ocr_line' id='line_1_27' title="bbox 104 1523 1210 1575; baseline 0.005 -17"><span class='ocrx_word' id='word_1_197' title='bbox 104 1529 171 1558; x_wconf 91' lang='lat' dir='ltr'>aut</span> <span class='ocrx_word' id='word_1_198' title='bbox 190 1523 302 1560; x_wconf 87' lang='lat' dir='ltr'>etiam</span> <span class='ocrx_word' id='word_1_199' title='bbox 320 1524 488 1562; x_wconf 73' lang='lat' dir='ltr'>fatetur?</span> <span class='ocrx_word' id='word_1_200' title='bbox 517 1525 672 1562; x_wconf 86' lang='lat' dir='ltr'>Etenim</span> <span class='ocrx_word' id='word_1_201' title='bbox 691 1538 789 1571; x_wconf 91' lang='lat' dir='ltr'>reus,</span> <span class='ocrx_word' id='word_1_202' title='bbox 810 1524 877 1575; x_wconf 88' lang='lat' dir='ltr'>qui</span> <span class='ocrx_word' id='word_1_203' title='bbox 889 1525 1004 1574; x_wconf 89' lang='lat' dir='ltr'>hujus</span> <span class='ocrx_word' id='word_1_204' title='bbox 1018 1525 1139 1563; x_wconf 85' lang='lat' dir='ltr'>dietus</span> <span class='ocrx_word' id='word_1_205' title='bbox 1155 1534 1210 1564; x_wconf 85' lang='lat' dir='ltr'>est</span> 
     </span>
     <span class='ocr_line' id='line_1_28' title="bbox 105 1576 1209 1627; baseline 0.004 -15"><span class='ocrx_word' id='word_1_206' title='bbox 105 1583 142 1613; x_wconf 91' lang='lat' dir='ltr'>et</span> <span class='ocrx_word' id='word_1_207' title='bbox 161 1576 310 1624; x_wconf 90' lang='lat' dir='ltr'>adjutor</span> <span class='ocrx_word' id='word_1_208' title='bbox 327 1576 442 1615; x_wconf 90' lang='lat' dir='ltr'>fuisse</span> <span class='ocrx_word' id='word_1_209' title='bbox 468 1586 503 1615; x_wconf 88' lang='lat' dir='ltr'>et</span> <span class='ocrx_word' id='word_1_210' title='bbox 530 1578 710 1624; x_wconf 90' lang='lat' dir='ltr'>conscius,</span> <span class='ocrx_word' id='word_1_211' title='bbox 738 1579 783 1616; x_wconf 88' lang='lat' dir='ltr'>P.</span> <span class='ocrx_word' id='word_1_212' title='bbox 803 1578 985 1626; x_wconf 87' lang='lat' dir='ltr'>Ascitius,</span> <span class='ocrx_word' id='word_1_213' title='bbox 1010 1578 1041 1616; x_wconf 89' lang='lat' dir='ltr'>is</span> <span class='ocrx_word' id='word_1_214' title='bbox 1065 1579 1209 1627; x_wconf 90' lang='lat' dir='ltr'>judicio</span> 
     </span>
     <span class='ocr_line' id='line_1_29' title="bbox 106 1629 1207 1693; baseline 0.004 -28"><span class='ocrx_word' id='word_1_215' title='bbox 106 1637 160 1666; x_wconf 80' lang='lat' dir='ltr'>est</span> <span class='ocrx_word' id='word_1_216' title='bbox 167 1629 358 1667; x_wconf 78' lang='lat' dir='ltr'>liberatus</span> <span class='ocrx_word' id='word_1_217' title='bbox 372 1629 506 1677; x_wconf 87' lang='lat' dir='ltr'>Quod</span> <span class='ocrx_word' id='word_1_218' title='bbox 498 1632 611 1682; x_wconf 74' lang='lat' dir='ltr'>igitur</span> <span class='ocrx_word' id='word_1_219' title='bbox 618 1632 728 1670; x_wconf 91' lang='lat' dir='ltr'>esthu</span> <span class='ocrx_word' id='word_1_220' title='bbox 729 1630 897 1681; x_wconf 82' lang='lat' dir='ltr'>Jusrn0d1</span> <span class='ocrx_word' id='word_1_221' title='bbox 909 1631 1064 1678; x_wconf 88' lang='lat' dir='ltr'>crimen,</span> <span class='ocrx_word' id='word_1_222' title='bbox 1074 1639 1131 1678; x_wconf 89' lang='lat' dir='ltr'>ut,</span> <span class='ocrx_word' id='word_1_223' title='bbox 1140 1632 1207 1693; x_wconf 86' lang='lat' dir='ltr'>qui</span> 
     </span>
     <span class='ocr_line' id='line_1_30' title="bbox 105 1682 1205 1736; baseline 0.005 -18"><span class='ocrx_word' id='word_1_224' title='bbox 105 1682 304 1730; x_wconf 88' lang='lat' dir='ltr'>commisit,</span> <span class='ocrx_word' id='word_1_225' title='bbox 314 1695 388 1721; x_wconf 87' lang='lat' dir='ltr'>non</span> <span class='ocrx_word' id='word_1_226' title='bbox 403 1693 534 1734; x_wconf 83' lang='lat' dir='ltr'>neget;</span> <span class='ocrx_word' id='word_1_227' title='bbox 555 1686 620 1736; x_wconf 91' lang='lat' dir='ltr'>qui</span> <span class='ocrx_word' id='word_1_228' title='bbox 630 1683 745 1736; x_wconf 92' lang='lat' dir='ltr'>[non]</span> <span class='ocrx_word' id='word_1_229' title='bbox 755 1697 872 1735; x_wconf 85' lang='lat' dir='ltr'>negav</span> <span class='ocrx_word' id='word_1_230' title='bbox 875 1684 918 1732; x_wconf 87' lang='lat' dir='ltr'>it,</span> <span class='ocrx_word' id='word_1_231' title='bbox 926 1685 1119 1723; x_wconf 87' lang='lat' dir='ltr'>absolutus</span> <span class='ocrx_word' id='word_1_232' title='bbox 1133 1686 1204 1723; x_wconf 89' lang='lat' dir='ltr'>sit·</span> <span class='ocrx_word' id='word_1_233' title='bbox 1193 1714 1205 1730; x_wconf 92' lang='lat'><strong>‚</strong></span> 
     </span>
     <span class='ocr_line' id='line_1_31' title="bbox 102 1734 1207 1798; baseline 0.004 -27"><span class='ocrx_word' id='word_1_234' title='bbox 102 1734 142 1772; x_wconf 89' lang='lat' dir='ltr'>id</span> <span class='ocrx_word' id='word_1_235' title='bbox 156 1735 217 1772; x_wconf 90' lang='lat' dir='ltr'>hic</span> <span class='ocrx_word' id='word_1_236' title='bbox 230 1736 483 1798; x_wconf 80' lang='lat' dir='ltr'>pertimescat,</span> <span class='ocrx_word' id='word_1_237' title='bbox 496 1738 562 1798; x_wconf 84' lang='lat' dir='ltr'>qui</span> <span class='ocrx_word' id='word_1_238' title='bbox 577 1750 651 1775; x_wconf 93' lang='lat' dir='ltr'>non</span> <span class='ocrx_word' id='word_1_239' title='bbox 663 1738 776 1776; x_wconf 89' lang='lat' dir='ltr'>modo</span> <span class='ocrx_word' id='word_1_240' title='bbox 790 1751 812 1775; x_wconf 90' lang='lat' dir='ltr'>a</span> <span class='ocrx_word' id='word_1_241' title='bbox 823 1737 934 1785; x_wconf 86' lang='lat' dir='ltr'>facto,</span> <span class='ocrx_word' id='word_1_242' title='bbox 948 1751 1079 1776; x_wconf 88' lang='lat' dir='ltr'>verum</span> <span class='ocrx_word' id='word_1_243' title='bbox 1094 1739 1207 1776; x_wconf 89' lang='lat' dir='ltr'>etiam</span> 
     </span>
     <span class='ocr_line' id='line_1_32' title="bbox 102 1789 1207 1842; baseline 0.004 -17"><span class='ocrx_word' id='word_1_244' title='bbox 102 1800 126 1825; x_wconf 92' lang='lat' dir='ltr'>a</span> <span class='ocrx_word' id='word_1_245' title='bbox 137 1789 368 1827; x_wconf 75' lang='lat' dir='ltr'>conscientiae</span> <span class='ocrx_word' id='word_1_246' title='bbox 382 1791 606 1842; x_wconf 88' lang='lat' dir='ltr'>suspicione,</span> <span class='ocrx_word' id='word_1_247' title='bbox 622 1791 775 1830; x_wconf 80' lang='lat' dir='ltr'>abfuit?</span> <span class='ocrx_word' id='word_1_248' title='bbox 804 1791 872 1835; x_wconf 86' lang='lat' dir='ltr'>Et,</span> <span class='ocrx_word' id='word_1_249' title='bbox 889 1791 919 1828; x_wconf 87' lang='lat' dir='ltr'>si</span> <span class='ocrx_word' id='word_1_250' title='bbox 932 1791 1080 1828; x_wconf 90' lang='lat' dir='ltr'>Ascitio</span> <span class='ocrx_word' id='word_1_251' title='bbox 1096 1803 1207 1829; x_wconf 85' lang='lat' dir='ltr'>causa</span> 
     </span>
     <span class='ocr_line' id='line_1_33' title="bbox 100 1841 1208 1895; baseline 0.004 -17"><span class='ocrx_word' id='word_1_252' title='bbox 100 1841 187 1891; x_wconf 87' lang='lat' dir='ltr'>plus</span> <span class='ocrx_word' id='word_1_253' title='bbox 205 1841 360 1892; x_wconf 84' lang='lat' dir='ltr'>profuit,</span> <span class='ocrx_word' id='word_1_254' title='bbox 380 1857 496 1895; x_wconf 88' lang='lat' dir='ltr'>quam</span> <span class='ocrx_word' id='word_1_255' title='bbox 520 1844 648 1883; x_wconf 85' lang='lat' dir='ltr'>nocuit</span> <span class='ocrx_word' id='word_1_256' title='bbox 672 1844 825 1890; x_wconf 84' lang='lat' dir='ltr'>invidia,</span> <span class='ocrx_word' id='word_1_257' title='bbox 845 1844 934 1882; x_wconf 89' lang='lat' dir='ltr'>huic</span> <span class='ocrx_word' id='word_1_258' title='bbox 953 1844 1072 1882; x_wconf 86' lang='lat' dir='ltr'>oberit</span> <span class='ocrx_word' id='word_1_259' title='bbox 1097 1850 1208 1882; x_wconf 87' lang='lat' dir='ltr'>tuum</span> 
     </span>
     <span class='ocr_line' id='line_1_34' title="bbox 101 1894 1209 1948; baseline 0.003 -17"><span class='ocrx_word' id='word_1_260' title='bbox 101 1894 359 1943; x_wconf 88' lang='lat' dir='ltr'>maledictum,</span> <span class='ocrx_word' id='word_1_261' title='bbox 376 1897 443 1948; x_wconf 92' lang='lat' dir='ltr'>qui</span> <span class='ocrx_word' id='word_1_262' title='bbox 460 1897 567 1936; x_wconf 87' lang='lat' dir='ltr'>istius</span> <span class='ocrx_word' id='word_1_263' title='bbox 583 1897 673 1936; x_wconf 84' lang='lat' dir='ltr'>facti</span> <span class='ocrx_word' id='word_1_264' title='bbox 686 1910 762 1936; x_wconf 92' lang='lat' dir='ltr'>non</span> <span class='ocrx_word' id='word_1_265' title='bbox 779 1897 893 1936; x_wconf 85' lang='grc' dir='ltr'>1110ᾶο</span> <span class='ocrx_word' id='word_1_266' title='bbox 905 1896 1127 1948; x_wconf 88' lang='lat' dir='ltr'>suspicione,</span> <span class='ocrx_word' id='word_1_267' title='bbox 1143 1896 1209 1934; x_wconf 87' lang='lat' dir='ltr'>sed</span> 
     </span>
     <span class='ocr_line' id='line_1_35' title="bbox 104 1948 834 2002; baseline 0.005 -17"><span class='ocrx_word' id='word_1_268' title='bbox 104 1960 152 1986; x_wconf 89' lang='lat' dir='ltr'>ne</span> <span class='ocrx_word' id='word_1_269' title='bbox 169 1948 328 1986; x_wconf 84' lang='lat' dir='ltr'>infamia</span> <span class='ocrx_word' id='word_1_270' title='bbox 347 1950 515 2000; x_wconf 89' lang='lat' dir='ltr'>quidem,</span> <span class='ocrx_word' id='word_1_271' title='bbox 535 1958 591 1989; x_wconf 91' lang='lat' dir='ltr'>est</span> <span class='ocrx_word' id='word_1_272' title='bbox 607 1951 834 2002; x_wconf 84' lang='lat' dir='ltr'>adspersus?</span> 
     </span>
    </p>

    <p class='ocr_par' dir='ltr' id='par_1_5' title="bbox 103 2002 1208 2162">
     <span class='ocr_line' id='line_1_36' title="bbox 156 2002 1208 2062; baseline 0.002 -24"><span class='ocrx_word' id='word_1_273' title='bbox 156 2002 215 2038; x_wconf 89' lang='lat' dir='ltr'>At</span> <span class='ocrx_word' id='word_1_274' title='bbox 227 2003 528 2062; x_wconf 66' lang='lat' dir='ltr'>praevaricatione</span> <span class='ocrx_word' id='word_1_275' title='bbox 545 2011 599 2042; x_wconf 89' lang='lat' dir='ltr'>est</span> <span class='ocrx_word' id='word_1_276' title='bbox 616 2005 786 2043; x_wconf 88' lang='lat' dir='ltr'>Ascitius</span> <span class='ocrx_word' id='word_1_277' title='bbox 802 2004 993 2042; x_wconf 87' lang='lat' dir='ltr'>liberatus.</span> <span class='ocrx_word' id='word_1_278' title='bbox 1023 2002 1208 2041; x_wconf 87' lang='lat' dir='ltr'>Perfacile</span> 
     </span>
     <span class='ocr_line' id='line_1_37' title="bbox 103 2055 1208 2108; baseline 0.002 -16"><span class='ocrx_word' id='word_1_279' title='bbox 103 2061 159 2093; x_wconf 90' lang='lat' dir='ltr'>est</span> <span class='ocrx_word' id='word_1_280' title='bbox 185 2055 247 2092; x_wconf 91' lang='lat' dir='ltr'>isti</span> <span class='ocrx_word' id='word_1_281' title='bbox 271 2055 353 2094; x_wconf 82' lang='lat' dir='ltr'>loco</span> <span class='ocrx_word' id='word_1_282' title='bbox 371 2057 606 2108; x_wconf 62' lang='lat' dir='ltr'>roepondere,</span> <span class='ocrx_word' id='word_1_283' title='bbox 634 2057 731 2096; x_wconf 90' lang='lat' dir='ltr'>mihi</span> <span class='ocrx_word' id='word_1_284' title='bbox 756 2057 976 2108; x_wconf 86' lang='lat' dir='ltr'>praesertim,</span> <span class='ocrx_word' id='word_1_285' title='bbox 996 2069 1019 2094; x_wconf 91' lang='lat' dir='ltr'>a</span> <span class='ocrx_word' id='word_1_286' title='bbox 1047 2069 1123 2107; x_wconf 91' lang='lat' dir='ltr'>quo</span> <span class='ocrx_word' id='word_1_287' title='bbox 1141 2056 1208 2094; x_wconf 89' lang='lat' dir='ltr'>illa</span> 
     </span>
     <span class='ocr_line' id='line_1_38' title="bbox 103 2108 1207 2171; baseline 0.001 -25"><span class='ocrx_word' id='word_1_288' title='bbox 103 2120 215 2146; x_wconf 84' lang='lat' dir='ltr'>causa</span> <span class='ocrx_word' id='word_1_289' title='bbox 232 2108 385 2148; x_wconf 84' lang='lat' dir='ltr'>defensa</span> <span class='ocrx_word' id='word_1_290' title='bbox 402 2117 468 2148; x_wconf 68' lang='lat' dir='ltr'>oet.</span> <span class='ocrx_word' id='word_1_291' title='bbox 488 2111 564 2150; x_wconf 81' lang='lat' dir='ltr'>Sed</span> <span class='ocrx_word' id='word_1_292' title='bbox 577 2111 717 2149; x_wconf 89' lang='lat' dir='ltr'>Coelius</span> <span class='ocrx_word' id='word_1_293' title='bbox 734 2111 922 2171; x_wconf 88' lang='lat' dir='ltr'>optimam</span> <span class='ocrx_word' id='word_1_294' title='bbox 931 2122 1082 2148; x_wconf 87' lang='lat' dir='ltr'>causam</span> <span class='ocrx_word' id='word_1_295' title='bbox 1093 2109 1207 2148; x_wconf 87' lang='lat' dir='ltr'>Asci-</span> 
     </span>
    </p>
   </div>
   <div class='ocr_carea' id='block_1_3' title="bbox 102 2160 1205 2254">
    <p class='ocr_par' dir='ltr' id='par_1_6' title="bbox 102 2160 1205 2254">
     <span class='ocr_line' id='line_1_39' title="bbox 102 2160 1205 2254; baseline 0.002 -55"><span class='ocrx_word' id='word_1_296' title='bbox 102 2160 144 2199; x_wconf 82' lang='lat' dir='ltr'>tii</span> <span class='ocrx_word' id='word_1_297' title='bbox 163 2174 241 2201; x_wconf 77' lang='lat' dir='ltr'>esse</span> <span class='ocrx_word' id='word_1_298' title='bbox 257 2163 482 2202; x_wconf 87' lang='lat' dir='ltr'>arbitratur.</span> <span class='ocrx_word' id='word_1_299' title='bbox 512 2164 723 2214; x_wconf 88' lang='lat' dir='ltr'>cujusmodi</span> <span class='ocrx_word' id='word_1_300' title='bbox 747 2163 956 2254; x_wconf 56' lang='grc' dir='ltr'>3ὲ1101113511,</span> <span class='ocrx_word' id='word_1_301' title='bbox 975 2176 999 2202; x_wconf 90' lang='lat' dir='ltr'>a</span> <span class='ocrx_word' id='word_1_302' title='bbox 1016 2176 1085 2202; x_wconf 83' lang='grc'>5113</span> <span class='ocrx_word' id='word_1_303' title='bbox 1095 2169 1205 2214; x_wconf 84' lang='lat' dir='ltr'>putat</span> 
     </span>
     <span class='ocr_line' id='line_1_40' title="bbox 807 2227 839 2254; baseline 0 0"><span class='ocrx_word' id='word_1_304' title='bbox 807 2227 839 2254; x_wconf 78' lang='grc' dir='ltr'>Η</span> 
     </span>
    </p>
   </div>
  </div>
 </body>
</html>
