1425 2334
319 85 433 125 PRO
453 83 689 124 FLACCO.
719 83 824 123 CAP.
845 86 910 123 25.
1117 86 1169 124 25

60 203 273 244 opponeret
303 204 398 243 quos
417 192 517 230 enim
536 191 661 230 hostes
686 192 766 230 haec
793 190 939 229 familia
957 192 1170 240 contemsit,

59 258 257 297 nunquam
271 245 421 284 eosdem
437 253 546 284 testes
561 246 806 296 pertimescet.
837 245 957 283 Vobis
972 253 1100 283 autem
1116 253 1172 284 est

60 299 332 344 confitendum,
363 299 395 336 si
414 299 575 337 consiliis
602 299 818 349 principum
838 306 969 336 vestrae
1005 299 1173 337 civitates

62 360 270 403 reguntur;
300 365 376 390 non
402 352 658 390 multitudinis
683 351 906 397 temeritate,
928 351 991 389 sed
1010 352 1174 402 optima-

62 413 146 443 tum
166 406 333 451 consilio,
354 406 499 443 bellum
515 408 562 443 ab
582 406 661 443 istis
689 405 902 443 civitatibus
922 418 1009 443 cum
1028 406 1172 456 populo

62 459 242 497 Romano
261 472 338 497 esse
358 466 571 510 susceptum
587 474 596 496 ε
629 460 684 496 sin
705 459 769 496 ille
788 466 871 495 tum
890 466 1016 496 motus
1035 466 1089 495 est
1120 466 1174 496 te-

62 512 233 550 meritate
251 513 512 562 imperitorum
527 513 709 550 excitatus
723 526 734 557 3
755 511 945 562 patimini,
961 525 1024 549 me
1038 511 1174 550 delicta

62 565 168 616 vulgi
187 579 209 602 a
227 566 380 616 publica
395 565 506 603 causa
525 579 705 616 separare.

117 618 252 656 XXV.
282 620 341 657 At
359 619 460 657 enim
479 619 590 656 istam
613 619 815 670 pecuniam
838 618 927 656 huic
946 631 1076 670 capere
1095 631 1173 656 non

63 672 180 709 licuit.
211 673 355 710 Utrum
375 673 490 710 vultis
509 672 607 723 patri
627 672 753 710 Flacci
771 672 933 717 licuisse,
954 674 1101 710 necne?
1132 673 1174 711 Si

61 725 183 773 licuit,
205 725 314 763 sicuti
333 734 430 764 certe
448 726 568 771 licuit,
585 726 634 763 ad
650 727 730 774 ejus
742 726 901 763 honores
921 726 1111 771 collatam,
1128 739 1175 764 ex

67 779 206 830 quibus
225 779 304 830 ipse
322 779 419 816 nihil
439 780 622 830 capiebat,
635 779 752 829 patris
764 779 964 829 pecuniam
980 786 1078 817 recte
1092 780 1177 816 abs-

64 832 151 869 tulit
174 832 298 870 filius:
330 832 361 870 si
384 845 459 870 non
482 833 615 876 licuit;
645 840 786 877 tamen,
813 832 879 870 illo
907 840 1071 879 mortuo,
1099 844 1177 870 non

63 885 178 923 modo
189 885 304 932 filius,
314 885 378 923 sed
390 886 513 937 quivis
524 886 655 932 haeres,
669 885 870 923 rectissime
882 885 1003 936 potuit
1014 886 1173 923 auferre.

63 939 125 976 Ac
144 946 227 976 tum
246 938 400 989 quidem
420 939 620 986 Tralliani,
642 952 729 976 cum
749 939 820 989 ipsi
839 939 945 989 gravi
964 938 1104 976 foenore
1126 938 1176 976 is-

65 999 145 1029 tam
163 992 364 1042 pecuniam
382 993 524 1030 multos
543 1005 660 1030 annos
685 992 979 1042 occupavissent,
1000 1004 1022 1028 a
1041 992 1178 1030 Flacco

65 1053 192 1083 tamen
210 1045 351 1092 omnia,
365 1059 451 1096 quae
469 1046 684 1092 voluerunt,
704 1046 1025 1096 impetraverunt:
1053 1057 1178 1095 neque

65 1106 145 1136 tam
173 1099 329 1136 fuerunt
350 1098 603 1149 impudentes,
624 1105 668 1135 ut
691 1098 744 1145 id,
775 1098 879 1148 quod
898 1098 1040 1135 Laelius
1061 1098 1173 1145 dixit,

64 1151 186 1190 dicere
204 1152 399 1197 auderent,
420 1152 518 1190 hanc
536 1154 583 1189 ab
603 1164 641 1189 se
659 1152 860 1202 pecuniam
880 1151 1076 1189 abstulisse
1095 1151 1179 1188 Mi-

65 1205 282 1243 thridatem.
313 1204 413 1252 Quis
431 1205 532 1243 enim
554 1212 646 1252 erat,
668 1205 735 1255 qui
754 1217 830 1242 non
843 1205 966 1250 sciret,
987 1204 1025 1241 in
1041 1217 1179 1242 ornan-n

66 1258 124 1296 dis
143 1258 403 1297 studiosiorem
424 1258 706 1307 Mithridatem,
738 1270 859 1310 quam
889 1258 929 1295 in
957 1258 1178 1309 spoliandis,

66 1311 271 1350 Trallianis
289 1312 404 1350 fuisse
414 1312 432 1348 Ρ

121 1365 222 1412 Quae
240 1365 396 1416 quidem
416 1379 438 1403 a
455 1378 518 1403 me
530 1366 574 1413 si,
591 1372 635 1403 ut
649 1365 808 1404 dicenda
827 1372 932 1413 sunt,
952 1365 1177 1414 dicerentur,

67 1419 220 1469 gravius
239 1431 404 1469 agerem,
421 1419 579 1468 judices,
600 1432 717 1470 quam
733 1420 858 1458 adhuc
877 1419 960 1470 egi:
992 1426 1177 1470 quantam

67 1472 246 1510 Asiaticis
266 1472 422 1511 testibus
451 1473 566 1510 fidem
595 1473 733 1511 habere
752 1486 817 1511 vos
849 1472 1087 1511 conveniret:
1119 1485 1178 1510 re-

69 1538 240 1564 vocarem
259 1525 405 1564 animos
424 1533 563 1564 vestros
582 1526 630 1564 ad
649 1526 903 1564 Mithridatici
920 1526 1012 1563 belli
1030 1538 1177 1564 memo-

68 1578 180 1626 riam,
201 1579 248 1617 ad
266 1579 373 1617 illam
392 1579 653 1618 universorum
673 1579 812 1618 civium
833 1580 1098 1617 Romanorum
1110 1590 1179 1630 per

68 1638 125 1670 tot
142 1634 267 1680 urbes,
298 1645 376 1671 uno
394 1640 535 1684 puncto
553 1633 747 1684 temporis,
770 1633 949 1671 miseram
969 1632 1179 1670 crudelem-

68 1698 144 1737 que
162 1686 302 1724 caedem
318 1700 330 1731 ς
359 1694 536 1737 praetores
554 1694 698 1724 nostros
710 1686 868 1734 deditos,
887 1686 1031 1736 legatos
1045 1685 1084 1722 in
1096 1685 1180 1723 vin-

69 1739 154 1777 cula
184 1741 368 1788 conjectos
385 1754 397 1786 ;
426 1739 590 1778 nominis
613 1753 729 1790 prope
763 1740 930 1777 Romani
955 1739 1181 1777 memoriam

69 1804 158 1830 cum
170 1793 326 1843 vestigio
336 1793 498 1844 imperii,
509 1806 585 1831 non
597 1793 711 1831 modo
723 1806 769 1831 ex
782 1793 928 1831 aedibus
942 1792 1178 1840 Graecorum,

70 1857 203 1883 verum
229 1846 343 1884 etiam
369 1860 416 1885 ex
442 1847 572 1895 literis,
599 1859 678 1885 esse
705 1846 880 1885 deletam.
910 1845 1179 1883 Mithridatem

70 1897 216 1946 Deum,
223 1898 333 1937 illum
342 1907 502 1950 patrem,
512 1900 623 1938 illum
633 1907 928 1938 conservatorem
939 1899 1059 1946 Asiae,
1068 1898 1181 1936 illum

73 1950 236 1999 Euium,
258 1952 440 2003 Nysium,
461 1953 672 1999 Bacchum,
686 1953 886 1999 Liberum,
917 1952 1180 1990 nominabant.

73 2004 208 2042 Unum
227 2011 341 2056 atque
359 2007 459 2045 idem
479 2014 558 2044 erat
575 2014 739 2057 tempus,
761 2019 848 2044 cum
868 2006 916 2043 L.
938 2006 1073 2043 Flacco
1091 2017 1182 2043 con-

74 2058 147 2096 suli
165 2066 290 2108 portas
309 2065 388 2097 tota
405 2060 502 2098 Asia
519 2060 742 2105 claudebat3
772 2059 1037 2110 Cappadocem
1051 2065 1180 2095 autem

73 2110 186 2149 illum
198 2123 274 2149 non
288 2113 402 2151 modo
414 2113 614 2164 recipiebat
633 2113 710 2151 suis
736 2113 910 2160 urbibus,
923 2124 1054 2150 verum
1068 2110 1182 2148 etiam

73 2163 174 2202 ultro
202 2167 369 2204 vocabat.
416 2165 549 2205 Liceat
576 2167 658 2215 haec
688 2166 811 2215 nobis,
843 2165 874 2205 si
905 2163 1076 2205 oblivisci
1102 2173 1181 2201 non

128 2217 279 2267 (Orat.)
308 2229 413 2260 vol..
435 2230 508 2259 111.
883 2228 914 2256 n
