<?xml version="1.0" encoding="UTF-8"?>
<!DOCTYPE html PUBLIC "-//W3C//DTD XHTML 1.0 Transitional//EN"
    "http://www.w3.org/TR/xhtml1/DTD/xhtml1-transitional.dtd">
<html xmlns="http://www.w3.org/1999/xhtml" xml:lang="en" lang="en">
 <head>
  <title>
</title>
<meta http-equiv="Content-Type" content="text/html;charset=utf-8" />
  <meta name='ocr-system' content='tesseract 3.04.00' />
  <meta name='ocr-capabilities' content='ocr_page ocr_carea ocr_par ocr_line ocrx_word'/>
</head>
<body>
  <div class='ocr_page' id='page_1' title='image "./operaern07ciceuoft_0227.png"; bbox 0 0 1425 2334; ppageno 0'>
   <div class='ocr_carea' id='block_1_1' title="bbox 213 105 1200 149">
    <p class='ocr_par' dir='ltr' id='par_1_1' title="bbox 213 105 1200 149">
     <span class='ocr_line' id='line_1_1' title="bbox 213 105 1200 149; baseline -0.005 -2"><span class='ocrx_word' id='word_1_1' title='bbox 213 107 290 148; x_wconf 90' lang='lat' dir='ltr'>DE</span> <span class='ocrx_word' id='word_1_2' title='bbox 311 107 552 149; x_wconf 80' lang='lat' dir='ltr'>HARUSP.</span> <span class='ocrx_word' id='word_1_3' title='bbox 573 106 839 148; x_wconf 76' lang='lat' dir='ltr'>RESPONS.</span> <span class='ocrx_word' id='word_1_4' title='bbox 859 105 964 145; x_wconf 75' lang='lat' dir='ltr'><strong>GAP.</strong></span> <span class='ocrx_word' id='word_1_5' title='bbox 984 106 1049 144; x_wconf 82' lang='lat'>26.</span> <span class='ocrx_word' id='word_1_6' title='bbox 1122 105 1200 143; x_wconf 82' lang='lat'>213</span> 
     </span>
    </p>
   </div>
   <div class='ocr_carea' id='block_1_2' title="bbox 107 211 1232 2134">
    <p class='ocr_par' dir='ltr' id='par_1_2' title="bbox 107 211 1217 945">
     <span class='ocr_line' id='line_1_2' title="bbox 161 211 1206 262; baseline -0.006 -8"><span class='ocrx_word' id='word_1_7' title='bbox 161 214 321 254; x_wconf 89' lang='lat' dir='ltr'>XXVI.</span> <span class='ocrx_word' id='word_1_8' title='bbox 350 214 514 254; x_wconf 89' lang='lat' dir='ltr'>Monent</span> <span class='ocrx_word' id='word_1_9' title='bbox 532 214 635 254; x_wconf 87' lang='lat' dir='ltr'>enim</span> <span class='ocrx_word' id='word_1_10' title='bbox 653 213 783 262; x_wconf 85' lang='lat' dir='ltr'>iidem,</span> <span class='ocrx_word' id='word_1_11' title='bbox 803 225 850 251; x_wconf 91' lang='lat' dir='ltr'>ne</span> <span class='ocrx_word' id='word_1_12' title='bbox 868 211 1025 251; x_wconf 86' lang='lat' dir='ltr'>occultis</span> <span class='ocrx_word' id='word_1_13' title='bbox 1043 211 1206 250; x_wconf 83' lang='lat' dir='ltr'>consiliis</span> 
     </span>
     <span class='ocr_line' id='line_1_3' title="bbox 107 265 1204 329; baseline -0.006 -22"><span class='ocrx_word' id='word_1_14' title='bbox 107 268 319 329; x_wconf 61' lang='lat' dir='ltr'>respublica</span> <span class='ocrx_word' id='word_1_15' title='bbox 335 268 506 306; x_wconf 88' lang='lat' dir='ltr'>laedatur.</span> <span class='ocrx_word' id='word_1_16' title='bbox 535 268 636 316; x_wconf 88' lang='lat' dir='ltr'>Quae</span> <span class='ocrx_word' id='word_1_17' title='bbox 647 275 735 306; x_wconf 89' lang='lat' dir='ltr'>sunt</span> <span class='ocrx_word' id='word_1_18' title='bbox 745 266 959 326; x_wconf 81' lang='lat' dir='ltr'>occultiora,</span> <span class='ocrx_word' id='word_1_19' title='bbox 973 277 1090 317; x_wconf 85' lang='lat' dir='ltr'>quam</span> <span class='ocrx_word' id='word_1_20' title='bbox 1109 265 1204 313; x_wconf 83' lang='lat' dir='ltr'>ejus,</span> 
     </span>
     <span class='ocr_line' id='line_1_4' title="bbox 108 318 1208 373; baseline -0.006 -13"><span class='ocrx_word' id='word_1_21' title='bbox 108 322 177 373; x_wconf 90' lang='lat' dir='ltr'>qui</span> <span class='ocrx_word' id='word_1_22' title='bbox 194 321 234 359; x_wconf 89' lang='lat' dir='ltr'>in</span> <span class='ocrx_word' id='word_1_23' title='bbox 252 321 427 360; x_wconf 87' lang='lat' dir='ltr'>concione</span> <span class='ocrx_word' id='word_1_24' title='bbox 440 334 554 359; x_wconf 89' lang='lat' dir='ltr'>ausus</span> <span class='ocrx_word' id='word_1_25' title='bbox 572 329 627 359; x_wconf 85' lang='lat' dir='ltr'>est</span> <span class='ocrx_word' id='word_1_26' title='bbox 640 321 775 367; x_wconf 85' lang='lat' dir='ltr'>dicere,</span> <span class='ocrx_word' id='word_1_27' title='bbox 784 319 974 369; x_wconf 89' lang='lat' dir='ltr'>justitium</span> <span class='ocrx_word' id='word_1_28' title='bbox 991 318 1084 356; x_wconf 87' lang='lat' dir='ltr'>edici</span> <span class='ocrx_word' id='word_1_29' title='bbox 1098 330 1208 368; x_wconf 91' lang='lat' dir='ltr'>opor-</span> 
     </span>
     <span class='ocr_line' id='line_1_5' title="bbox 109 372 1208 435; baseline -0.006 -22"><span class='ocrx_word' id='word_1_30' title='bbox 109 382 200 422; x_wconf 88' lang='lat' dir='ltr'>tere,</span> <span class='ocrx_word' id='word_1_31' title='bbox 221 375 520 435; x_wconf 76' lang='lat' dir='ltr'>jurisdictionem</span> <span class='ocrx_word' id='word_1_32' title='bbox 541 374 752 434; x_wconf 82' lang='lat' dir='ltr'><strong>intermitti,</strong></span> <span class='ocrx_word' id='word_1_33' title='bbox 780 372 905 411; x_wconf 87' lang='lat' dir='ltr'>claudi</span> <span class='ocrx_word' id='word_1_34' title='bbox 927 372 1115 419; x_wconf 87' lang='lat' dir='ltr'>aerarium,</span> <span class='ocrx_word' id='word_1_35' title='bbox 1144 372 1208 420; x_wconf 87' lang='lat' dir='ltr'>ju-</span> 
     </span>
     <span class='ocr_line' id='line_1_6' title="bbox 108 424 1210 487; baseline -0.005 -21"><span class='ocrx_word' id='word_1_36' title='bbox 108 427 207 466; x_wconf 82' lang='lat' dir='ltr'>dicia</span> <span class='ocrx_word' id='word_1_37' title='bbox 224 427 337 467; x_wconf 84' lang='lat' dir='ltr'>tolli?</span> <span class='ocrx_word' id='word_1_38' title='bbox 366 428 439 466; x_wconf 84' lang='lat' dir='ltr'>nisi</span> <span class='ocrx_word' id='word_1_39' title='bbox 456 428 551 466; x_wconf 85' lang='lat' dir='ltr'>forte</span> <span class='ocrx_word' id='word_1_40' title='bbox 570 426 804 487; x_wconf 73' lang='lat' dir='ltr'>existimatis,</span> <span class='ocrx_word' id='word_1_41' title='bbox 819 426 916 464; x_wconf 86' lang='lat' dir='ltr'>hanc</span> <span class='ocrx_word' id='word_1_42' title='bbox 928 431 1073 462; x_wconf 84' lang='lat' dir='ltr'>tantam</span> <span class='ocrx_word' id='word_1_43' title='bbox 1091 424 1210 462; x_wconf 90' lang='lat' dir='ltr'>collu-</span> 
     </span>
     <span class='ocr_line' id='line_1_7' title="bbox 110 478 1211 532; baseline -0.005 -13"><span class='ocrx_word' id='word_1_44' title='bbox 110 481 260 520; x_wconf 87' lang='lat' dir='ltr'>vionem</span> <span class='ocrx_word' id='word_1_45' title='bbox 277 481 348 529; x_wconf 90' lang='lat' dir='ltr'>illi,</span> <span class='ocrx_word' id='word_1_46' title='bbox 367 488 589 532; x_wconf 80' lang='lat' dir='ltr'><strong>tantamque</strong></span> <span class='ocrx_word' id='word_1_47' title='bbox 607 480 832 519; x_wconf 86' lang='lat' dir='ltr'>eversionem</span> <span class='ocrx_word' id='word_1_48' title='bbox 853 478 1026 525; x_wconf 71' lang='lat' dir='ltr'>civitatis,</span> <span class='ocrx_word' id='word_1_49' title='bbox 1045 478 1086 517; x_wconf 90' lang='lat' dir='ltr'>in</span> <span class='ocrx_word' id='word_1_50' title='bbox 1103 489 1211 515; x_wconf 89' lang='lat' dir='ltr'>men-</span> 
     </span>
     <span class='ocr_line' id='line_1_8' title="bbox 110 530 1210 594; baseline -0.005 -22"><span class='ocrx_word' id='word_1_51' title='bbox 110 541 190 572; x_wconf 91' lang='lat' dir='ltr'>tem</span> <span class='ocrx_word' id='word_1_52' title='bbox 208 534 360 572; x_wconf 83' lang='lat' dir='ltr'>subito</span> <span class='ocrx_word' id='word_1_53' title='bbox 349 546 390 572; x_wconf 88' lang='grc' dir='ltr'>ιιι</span> <span class='ocrx_word' id='word_1_54' title='bbox 418 534 567 573; x_wconf 86' lang='lat' dir='ltr'>Rostris</span> <span class='ocrx_word' id='word_1_55' title='bbox 595 547 664 572; x_wconf 91' lang='lat' dir='ltr'>nec</span> <span class='ocrx_word' id='word_1_56' title='bbox 688 532 868 594; x_wconf 82' lang='lat' dir='ltr'>cogitanti</span> <span class='ocrx_word' id='word_1_57' title='bbox 885 531 1011 571; x_wconf 86' lang='lat' dir='ltr'>venire</span> <span class='ocrx_word' id='word_1_58' title='bbox 1032 530 1210 581; x_wconf 87' lang='lat' dir='ltr'>potuisse.</span> 
     </span>
     <span class='ocr_line' id='line_1_9' title="bbox 109 584 1214 639; baseline -0.006 -13"><span class='ocrx_word' id='word_1_59' title='bbox 109 587 184 626; x_wconf 88' lang='lat' dir='ltr'>Est</span> <span class='ocrx_word' id='word_1_60' title='bbox 211 587 366 639; x_wconf 91' lang='lat' dir='ltr'>quidem</span> <span class='ocrx_word' id='word_1_61' title='bbox 390 587 455 625; x_wconf 80' lang='lat' dir='ltr'>isse</span> <span class='ocrx_word' id='word_1_62' title='bbox 478 588 614 639; x_wconf 90' lang='lat' dir='ltr'>plenus</span> <span class='ocrx_word' id='word_1_63' title='bbox 632 587 724 635; x_wconf 87' lang='lat' dir='ltr'>vini,</span> <span class='ocrx_word' id='word_1_64' title='bbox 751 585 885 637; x_wconf 81' lang='lat' dir='ltr'>stupri,</span> <span class='ocrx_word' id='word_1_65' title='bbox 904 584 1041 631; x_wconf 87' lang='lat' dir='ltr'>somni,</span> <span class='ocrx_word' id='word_1_66' title='bbox 1061 584 1214 634; x_wconf 84' lang='lat' dir='ltr'>plenus-</span> 
     </span>
     <span class='ocr_line' id='line_1_10' title="bbox 111 635 1211 692; baseline -0.005 -13"><span class='ocrx_word' id='word_1_67' title='bbox 111 653 188 692; x_wconf 92' lang='lat' dir='ltr'>que</span> <span class='ocrx_word' id='word_1_68' title='bbox 206 640 591 679; x_wconf 77' lang='lat' dir='ltr'>inconsideratissimae</span> <span class='ocrx_word' id='word_1_69' title='bbox 602 653 645 678; x_wconf 84' lang='lat' dir='ltr'>ac</span> <span class='ocrx_word' id='word_1_70' title='bbox 662 639 952 679; x_wconf 87' lang='lat' dir='ltr'>dementissimae</span> <span class='ocrx_word' id='word_1_71' title='bbox 966 635 1211 677; x_wconf 83' lang='lat' dir='ltr'>temeritatis:</span> 
     </span>
     <span class='ocr_line' id='line_1_11' title="bbox 112 689 1215 744; baseline -0.006 -11"><span class='ocrx_word' id='word_1_72' title='bbox 112 701 374 734; x_wconf 82' lang='lat' dir='ltr'>verumtamen</span> <span class='ocrx_word' id='word_1_73' title='bbox 392 694 583 734; x_wconf 85' lang='lat' dir='ltr'>nocturnis</span> <span class='ocrx_word' id='word_1_74' title='bbox 607 692 759 744; x_wconf 75' lang='lat' dir='ltr'>vigiliis,</span> <span class='ocrx_word' id='word_1_75' title='bbox 779 692 893 731; x_wconf 84' lang='lat' dir='ltr'>etiam</span> <span class='ocrx_word' id='word_1_76' title='bbox 918 691 1074 729; x_wconf 88' lang='lat' dir='ltr'>coitione</span> <span class='ocrx_word' id='word_1_77' title='bbox 1091 689 1215 727; x_wconf 87' lang='lat' dir='ltr'>homi-</span> 
     </span>
     <span class='ocr_line' id='line_1_12' title="bbox 112 744 1214 797; baseline -0.005 -12"><span class='ocrx_word' id='word_1_78' title='bbox 112 759 222 795; x_wconf 87' lang='lat' dir='ltr'>num,</span> <span class='ocrx_word' id='word_1_79' title='bbox 250 747 442 797; x_wconf 90' lang='lat' dir='ltr'>justitium</span> <span class='ocrx_word' id='word_1_80' title='bbox 470 746 568 784; x_wconf 89' lang='lat' dir='ltr'>illud</span> <span class='ocrx_word' id='word_1_81' title='bbox 591 753 809 785; x_wconf 83' lang='lat' dir='ltr'>concoctum</span> <span class='ocrx_word' id='word_1_82' title='bbox 837 751 880 783; x_wconf 80' lang='lat' dir='ltr'>ac</span> <span class='ocrx_word' id='word_1_83' title='bbox 903 744 1127 782; x_wconf 86' lang='lat' dir='ltr'>meditatum</span> <span class='ocrx_word' id='word_1_84' title='bbox 1147 749 1214 780; x_wconf 87' lang='lat' dir='ltr'>est</span> 
     </span>
     <span class='ocr_line' id='line_1_13' title="bbox 115 797 1217 860; baseline -0.005 -23"><span class='ocrx_word' id='word_1_85' title='bbox 115 799 366 848; x_wconf 75' lang='lat' dir='ltr'>Mememooe,</span> <span class='ocrx_word' id='word_1_86' title='bbox 386 807 510 851; x_wconf 85' lang='lat' dir='ltr'>patres</span> <span class='ocrx_word' id='word_1_87' title='bbox 528 799 739 860; x_wconf 81' lang='lat' dir='ltr'>conscripti,</span> <span class='ocrx_word' id='word_1_88' title='bbox 760 800 872 837; x_wconf 90' lang='lat' dir='ltr'>verbo</span> <span class='ocrx_word' id='word_1_89' title='bbox 890 797 957 836; x_wconf 84' lang='lat' dir='ltr'>illo</span> <span class='ocrx_word' id='word_1_90' title='bbox 974 797 1116 836; x_wconf 84' lang='lat' dir='ltr'>nefario</span> <span class='ocrx_word' id='word_1_91' title='bbox 1135 804 1217 833; x_wconf 91' lang='lat' dir='ltr'>ten-</span> 
     </span>
     <span class='ocr_line' id='line_1_14' title="bbox 114 848 1217 903; baseline -0.005 -11"><span class='ocrx_word' id='word_1_92' title='bbox 114 860 210 892; x_wconf 78' lang='lat' dir='ltr'>tatas</span> <span class='ocrx_word' id='word_1_93' title='bbox 243 866 350 892; x_wconf 84' lang='lat' dir='ltr'>aures</span> <span class='ocrx_word' id='word_1_94' title='bbox 378 861 530 901; x_wconf 74' lang='lat' dir='ltr'>vestras,</span> <span class='ocrx_word' id='word_1_95' title='bbox 558 860 595 890; x_wconf 88' lang='lat' dir='ltr'>et</span> <span class='ocrx_word' id='word_1_96' title='bbox 618 852 864 903; x_wconf 86' lang='lat' dir='ltr'>perniciosam</span> <span class='ocrx_word' id='word_1_97' title='bbox 894 850 1009 899; x_wconf 84' lang='lat' dir='ltr'>viam,</span> <span class='ocrx_word' id='word_1_98' title='bbox 1039 848 1217 888; x_wconf 86' lang='lat' dir='ltr'>audiendi</span> 
     </span>
     <span class='ocr_line' id='line_1_15' title="bbox 114 905 713 952; baseline -0.003 -7"><span class='ocrx_word' id='word_1_99' title='bbox 114 906 397 952; x_wconf 83' lang='lat' dir='ltr'>consuetudine.</span> <span class='ocrx_word' id='word_1_100' title='bbox 417 919 494 944; x_wconf 63' lang='lat' dir='ltr'>esse</span> <span class='ocrx_word' id='word_1_101' title='bbox 512 905 713 945; x_wconf 87' lang='lat' dir='ltr'>munitam.</span> 
     </span>
    </p>

    <p class='ocr_par' dir='ltr' id='par_1_3' title="bbox 116 955 1228 1808">
     <span class='ocr_line' id='line_1_16' title="bbox 169 955 1220 1015; baseline -0.006 -17"><span class='ocrx_word' id='word_1_102' title='bbox 169 960 350 1011; x_wconf 84' lang='lat' dir='ltr'>Sequitur</span> <span class='ocrx_word' id='word_1_103' title='bbox 367 959 478 1006; x_wconf 81' lang='lat' dir='ltr'>illud,</span> <span class='ocrx_word' id='word_1_104' title='bbox 508 963 536 982; x_wconf 84' lang='lat'>“</span> <span class='ocrx_word' id='word_1_105' title='bbox 551 960 613 996; x_wconf 90' lang='lat' dir='ltr'>Ne</span> <span class='ocrx_word' id='word_1_106' title='bbox 633 958 877 997; x_wconf 88' lang='lat' dir='ltr'>deterioribus</span> <span class='ocrx_word' id='word_1_107' title='bbox 900 956 1134 1015; x_wconf 86' lang='lat' dir='ltr'>repulsisque</span> <span class='ocrx_word' id='word_1_108' title='bbox 1150 955 1220 993; x_wconf 92' lang='lat' dir='ltr'>ho-</span> 
     </span>
     <span class='ocr_line' id='line_1_17' title="bbox 116 1008 1220 1064; baseline -0.006 -12"><span class='ocrx_word' id='word_1_109' title='bbox 116 1026 185 1052; x_wconf 90' lang='lat' dir='ltr'>nos</span> <span class='ocrx_word' id='word_1_110' title='bbox 203 1013 425 1064; x_wconf 44' lang='lat' dir='ltr'>augeatur?</span> <span class='ocrx_word' id='word_1_111' title='bbox 453 1012 643 1063; x_wconf 86' lang='lat' dir='ltr'>Repulsos</span> <span class='ocrx_word' id='word_1_112' title='bbox 662 1011 876 1049; x_wconf 86' lang='lat' dir='ltr'>videamus.</span> <span class='ocrx_word' id='word_1_113' title='bbox 896 1023 1001 1058; x_wconf 86' lang='lat' dir='ltr'>nam,</span> <span class='ocrx_word' id='word_1_114' title='bbox 1022 1008 1220 1047; x_wconf 83' lang='lat' dir='ltr'>deteriores</span> 
     </span>
     <span class='ocr_line' id='line_1_18' title="bbox 119 1062 1223 1118; baseline -0.005 -14"><span class='ocrx_word' id='word_1_115' title='bbox 119 1066 188 1118; x_wconf 89' lang='lat' dir='ltr'>qui</span> <span class='ocrx_word' id='word_1_116' title='bbox 205 1066 295 1114; x_wconf 86' lang='lat' dir='ltr'>sint,</span> <span class='ocrx_word' id='word_1_117' title='bbox 314 1073 400 1117; x_wconf 88' lang='lat' dir='ltr'>post</span> <span class='ocrx_word' id='word_1_118' title='bbox 417 1065 568 1104; x_wconf 88' lang='lat' dir='ltr'>docebo.</span> <span class='ocrx_word' id='word_1_119' title='bbox 598 1064 672 1104; x_wconf 89' lang='lat' dir='ltr'>Sed</span> <span class='ocrx_word' id='word_1_120' title='bbox 690 1072 819 1103; x_wconf 85' lang='lat' dir='ltr'>tamen</span> <span class='ocrx_word' id='word_1_121' title='bbox 837 1065 877 1102; x_wconf 93' lang='lat' dir='ltr'>in</span> <span class='ocrx_word' id='word_1_122' title='bbox 896 1076 986 1101; x_wconf 88' lang='lat' dir='ltr'>eum</span> <span class='ocrx_word' id='word_1_123' title='bbox 1004 1062 1134 1100; x_wconf 83' lang='lat' dir='ltr'>cadere</span> <span class='ocrx_word' id='word_1_124' title='bbox 1151 1062 1223 1100; x_wconf 89' lang='lat' dir='ltr'>hoc</span> 
     </span>
     <span class='ocr_line' id='line_1_19' title="bbox 118 1115 1222 1170; baseline -0.005 -12"><span class='ocrx_word' id='word_1_125' title='bbox 118 1121 278 1159; x_wconf 88' lang='lat' dir='ltr'>verbum</span> <span class='ocrx_word' id='word_1_126' title='bbox 306 1118 487 1166; x_wconf 81' lang='lat' dir='ltr'>maxime,</span> <span class='ocrx_word' id='word_1_127' title='bbox 511 1118 577 1170; x_wconf 91' lang='lat' dir='ltr'>qui</span> <span class='ocrx_word' id='word_1_128' title='bbox 603 1118 651 1156; x_wconf 90' lang='lat' dir='ltr'>sit</span> <span class='ocrx_word' id='word_1_129' title='bbox 678 1130 777 1156; x_wconf 90' lang='lat' dir='ltr'>unus</span> <span class='ocrx_word' id='word_1_130' title='bbox 806 1117 979 1156; x_wconf 88' lang='lat' dir='ltr'>omnium</span> <span class='ocrx_word' id='word_1_131' title='bbox 1000 1115 1222 1154; x_wconf 81' lang='lat' dir='ltr'>mortalium</span> 
     </span>
     <span class='ocr_line' id='line_1_20' title="bbox 119 1169 1224 1218; baseline -0.006 -7"><span class='ocrx_word' id='word_1_132' title='bbox 119 1172 200 1211; x_wconf 89' lang='lat' dir='ltr'>sine</span> <span class='ocrx_word' id='word_1_133' title='bbox 217 1172 298 1210; x_wconf 78' lang='lat' dir='ltr'>ulla</span> <span class='ocrx_word' id='word_1_134' title='bbox 323 1172 556 1210; x_wconf 84' lang='lat' dir='ltr'>dubitatione</span> <span class='ocrx_word' id='word_1_135' title='bbox 583 1171 820 1218; x_wconf 86' lang='lat' dir='ltr'>deterrimus,</span> <span class='ocrx_word' id='word_1_136' title='bbox 851 1169 1131 1209; x_wconf 88' lang='lat' dir='ltr'>concedendum</span> <span class='ocrx_word' id='word_1_137' title='bbox 1154 1174 1224 1205; x_wconf 88' lang='lat' dir='ltr'>est.</span> 
     </span>
     <span class='ocr_line' id='line_1_21' title="bbox 119 1221 1223 1285; baseline -0.005 -22"><span class='ocrx_word' id='word_1_138' title='bbox 119 1225 203 1273; x_wconf 86' lang='lat' dir='ltr'>Qui</span> <span class='ocrx_word' id='word_1_139' title='bbox 220 1232 309 1263; x_wconf 90' lang='lat' dir='ltr'>sunt</span> <span class='ocrx_word' id='word_1_140' title='bbox 325 1225 441 1276; x_wconf 90' lang='lat' dir='ltr'>igitur</span> <span class='ocrx_word' id='word_1_141' title='bbox 459 1224 630 1285; x_wconf 74' lang='lat' dir='ltr'>repulsi?</span> <span class='ocrx_word' id='word_1_142' title='bbox 658 1237 748 1285; x_wconf 79' lang='lat' dir='ltr'>non,</span> <span class='ocrx_word' id='word_1_143' title='bbox 779 1232 823 1262; x_wconf 90' lang='lat' dir='ltr'>ut</span> <span class='ocrx_word' id='word_1_144' title='bbox 841 1223 987 1275; x_wconf 82' lang='lat' dir='ltr'>opinor,</span> <span class='ocrx_word' id='word_1_145' title='bbox 1006 1222 1048 1269; x_wconf 92' lang='lat' dir='ltr'>ii,</span> <span class='ocrx_word' id='word_1_146' title='bbox 1068 1222 1136 1272; x_wconf 88' lang='lat' dir='ltr'>qui</span> <span class='ocrx_word' id='word_1_147' title='bbox 1153 1221 1223 1258; x_wconf 90' lang='lat' dir='ltr'>ali-</span> 
     </span>
     <span class='ocr_line' id='line_1_22' title="bbox 119 1277 1223 1339; baseline -0.005 -22"><span class='ocrx_word' id='word_1_148' title='bbox 119 1278 276 1339; x_wconf 79' lang='lat' dir='ltr'>quando</span> <span class='ocrx_word' id='word_1_149' title='bbox 301 1278 498 1326; x_wconf 88' lang='lat' dir='ltr'>honorem,</span> <span class='ocrx_word' id='word_1_150' title='bbox 522 1277 613 1316; x_wconf 90' lang='lat' dir='ltr'>vitio</span> <span class='ocrx_word' id='word_1_151' title='bbox 641 1277 814 1326; x_wconf 83' lang='lat' dir='ltr'>civitatis,</span> <span class='ocrx_word' id='word_1_152' title='bbox 835 1289 912 1314; x_wconf 93' lang='lat' dir='ltr'>non</span> <span class='ocrx_word' id='word_1_153' title='bbox 933 1289 1016 1322; x_wconf 87' lang='lat' dir='ltr'>suo,</span> <span class='ocrx_word' id='word_1_154' title='bbox 1039 1287 1116 1312; x_wconf 91' lang='lat' dir='ltr'>non</span> <span class='ocrx_word' id='word_1_155' title='bbox 1134 1281 1223 1312; x_wconf 86' lang='lat' dir='ltr'>sunt</span> 
     </span>
     <span class='ocr_line' id='line_1_23' title="bbox 120 1327 1224 1382; baseline -0.005 -12"><span class='ocrx_word' id='word_1_156' title='bbox 120 1331 302 1370; x_wconf 83' lang='lat' dir='ltr'>assecuti:</span> <span class='ocrx_word' id='word_1_157' title='bbox 332 1344 423 1369; x_wconf 88' lang='lat' dir='ltr'>nam</span> <span class='ocrx_word' id='word_1_158' title='bbox 441 1330 481 1369; x_wconf 87' lang='lat' dir='ltr'>id</span> <span class='ocrx_word' id='word_1_159' title='bbox 509 1331 665 1382; x_wconf 87' lang='lat' dir='ltr'>quidem</span> <span class='ocrx_word' id='word_1_160' title='bbox 682 1331 814 1369; x_wconf 89' lang='lat' dir='ltr'>multis</span> <span class='ocrx_word' id='word_1_161' title='bbox 844 1343 943 1381; x_wconf 89' lang='lat' dir='ltr'>saepe</span> <span class='ocrx_word' id='word_1_162' title='bbox 961 1327 1114 1380; x_wconf 88' lang='lat' dir='ltr'>optimis</span> <span class='ocrx_word' id='word_1_163' title='bbox 1133 1327 1224 1366; x_wconf 86' lang='lat' dir='ltr'>civi-</span> 
     </span>
     <span class='ocr_line' id='line_1_24' title="bbox 120 1381 1223 1436; baseline -0.005 -13"><span class='ocrx_word' id='word_1_164' title='bbox 120 1387 193 1423; x_wconf 89' lang='lat' dir='ltr'>bus</span> <span class='ocrx_word' id='word_1_165' title='bbox 206 1392 320 1436; x_wconf 85' lang='lat' dir='ltr'>atque</span> <span class='ocrx_word' id='word_1_166' title='bbox 338 1384 607 1423; x_wconf 87' lang='lat' dir='ltr'>honestissimis</span> <span class='ocrx_word' id='word_1_167' title='bbox 621 1384 710 1422; x_wconf 88' lang='lat' dir='ltr'>viris</span> <span class='ocrx_word' id='word_1_168' title='bbox 728 1383 873 1423; x_wconf 87' lang='lat' dir='ltr'>accidit.</span> <span class='ocrx_word' id='word_1_169' title='bbox 901 1381 1063 1433; x_wconf 73' lang='lat' dir='ltr'>Repulsi</span> <span class='ocrx_word' id='word_1_170' title='bbox 1080 1388 1168 1420; x_wconf 87' lang='lat' dir='ltr'>sunt</span> <span class='ocrx_word' id='word_1_171' title='bbox 1180 1381 1223 1428; x_wconf 89' lang='lat' dir='ltr'>ii,</span> 
     </span>
     <span class='ocr_line' id='line_1_25' title="bbox 121 1437 1225 1490; baseline -0.005 -14"><span class='ocrx_word' id='word_1_172' title='bbox 121 1450 216 1490; x_wconf 90' lang='lat' dir='ltr'>quos</span> <span class='ocrx_word' id='word_1_173' title='bbox 247 1438 296 1476; x_wconf 83' lang='lat' dir='ltr'>ad</span> <span class='ocrx_word' id='word_1_174' title='bbox 317 1438 445 1476; x_wconf 85' lang='lat' dir='ltr'>omnia</span> <span class='ocrx_word' id='word_1_175' title='bbox 473 1437 766 1490; x_wconf 85' lang='lat' dir='ltr'>progredientes,</span> <span class='ocrx_word' id='word_1_176' title='bbox 792 1449 886 1488; x_wconf 91' lang='lat' dir='ltr'>quos</span> <span class='ocrx_word' id='word_1_177' title='bbox 907 1448 1067 1474; x_wconf 87' lang='lat' dir='ltr'>munera</span> <span class='ocrx_word' id='word_1_178' title='bbox 1095 1442 1225 1472; x_wconf 85' lang='lat' dir='ltr'>contra</span> 
     </span>
     <span class='ocr_line' id='line_1_26' title="bbox 120 1487 1223 1552; baseline -0.005 -23"><span class='ocrx_word' id='word_1_179' title='bbox 120 1491 221 1542; x_wconf 89' lang='lat' dir='ltr'>leges</span> <span class='ocrx_word' id='word_1_180' title='bbox 232 1491 452 1541; x_wconf 82' lang='lat' dir='ltr'>gladiatoria</span> <span class='ocrx_word' id='word_1_181' title='bbox 458 1498 645 1542; x_wconf 81' lang='lat' dir='ltr'>parantes,</span> <span class='ocrx_word' id='word_1_182' title='bbox 660 1504 756 1552; x_wconf 87' lang='lat' dir='ltr'>quos</span> <span class='ocrx_word' id='word_1_183' title='bbox 767 1489 1001 1551; x_wconf 87' lang='lat' dir='ltr'>apertissime</span> <span class='ocrx_word' id='word_1_184' title='bbox 1011 1487 1223 1538; x_wconf 65' lang='lat' dir='ltr'>largientes,</span> 
     </span>
     <span class='ocr_line' id='line_1_27' title="bbox 123 1541 1223 1592; baseline -0.004 -10"><span class='ocrx_word' id='word_1_185' title='bbox 123 1556 201 1583; x_wconf 90' lang='lat' dir='ltr'>non</span> <span class='ocrx_word' id='word_1_186' title='bbox 233 1544 358 1582; x_wconf 87' lang='lat' dir='ltr'>solum</span> <span class='ocrx_word' id='word_1_187' title='bbox 389 1544 517 1591; x_wconf 88' lang='lat' dir='ltr'>alieni,</span> <span class='ocrx_word' id='word_1_188' title='bbox 547 1544 614 1582; x_wconf 89' lang='lat' dir='ltr'>sed</span> <span class='ocrx_word' id='word_1_189' title='bbox 643 1544 757 1583; x_wconf 87' lang='lat' dir='ltr'>etiam</span> <span class='ocrx_word' id='word_1_190' title='bbox 788 1543 861 1592; x_wconf 85' lang='lat' dir='ltr'>sui,</span> <span class='ocrx_word' id='word_1_191' title='bbox 891 1541 1018 1589; x_wconf 84' lang='lat' dir='ltr'>vicini,</span> <span class='ocrx_word' id='word_1_192' title='bbox 1052 1541 1223 1587; x_wconf 63' lang='lat' dir='ltr'>tribules,</span> 
     </span>
     <span class='ocr_line' id='line_1_28' title="bbox 124 1597 1225 1649; baseline -0.005 -14"><span class='ocrx_word' id='word_1_193' title='bbox 124 1598 275 1645; x_wconf 85' lang='lat' dir='ltr'>urbani,</span> <span class='ocrx_word' id='word_1_194' title='bbox 295 1597 436 1645; x_wconf 84' lang='lat' dir='ltr'>rustici,</span> <span class='ocrx_word' id='word_1_195' title='bbox 456 1597 686 1649; x_wconf 77' lang='lat' dir='ltr'>repulerunt.</span> <span class='ocrx_word' id='word_1_196' title='bbox 716 1597 774 1639; x_wconf 90' lang='lat' dir='ltr'>Hi</span> <span class='ocrx_word' id='word_1_197' title='bbox 786 1597 986 1636; x_wconf 78' lang='lat' dir='ltr'>nehonore</span> <span class='ocrx_word' id='word_1_198' title='bbox 1000 1600 1225 1645; x_wconf 80' lang='lat' dir='ltr'>augeantur,</span> 
     </span>
     <span class='ocr_line' id='line_1_29' title="bbox 123 1646 1228 1710; baseline -0.008 -17"><span class='ocrx_word' id='word_1_199' title='bbox 123 1662 336 1693; x_wconf 82' lang='lat' dir='ltr'>monemur.</span> <span class='ocrx_word' id='word_1_200' title='bbox 365 1650 491 1689; x_wconf 89' lang='lat' dir='ltr'>Debet</span> <span class='ocrx_word' id='word_1_201' title='bbox 503 1663 581 1689; x_wconf 79' lang='lat' dir='ltr'>esse</span> <span class='ocrx_word' id='word_1_202' title='bbox 598 1658 764 1702; x_wconf 84' lang='lat' dir='ltr'>gratum,</span> <span class='ocrx_word' id='word_1_203' title='bbox 780 1649 883 1702; x_wconf 90' lang='lat' dir='ltr'>quod</span> <span class='ocrx_word' id='word_1_204' title='bbox 900 1648 1133 1710; x_wconf 79' lang='lat' dir='ltr'>praedicunt·</span> <span class='ocrx_word' id='word_1_205' title='bbox 1163 1646 1228 1684; x_wconf 90' lang='lat' dir='ltr'>sed</span> 
     </span>
     <span class='ocr_line' id='line_1_30' title="bbox 125 1700 1228 1768; baseline -0.003 -28"><span class='ocrx_word' id='word_1_206' title='bbox 125 1709 254 1740; x_wconf 85' lang='lat' dir='ltr'>tamen</span> <span class='ocrx_word' id='word_1_207' title='bbox 272 1703 361 1742; x_wconf 84' lang='lat' dir='ltr'>huic</span> <span class='ocrx_word' id='word_1_208' title='bbox 378 1703 480 1741; x_wconf 82' lang='lat' dir='ltr'>malo</span> <span class='ocrx_word' id='word_1_209' title='bbox 502 1704 667 1768; x_wconf 85' lang='lat' dir='ltr'>populus</span> <span class='ocrx_word' id='word_1_210' title='bbox 689 1704 888 1743; x_wconf 80' lang='lat' dir='ltr'>Romanus</span> <span class='ocrx_word' id='word_1_211' title='bbox 911 1702 1008 1754; x_wconf 88' lang='lat' dir='ltr'>ipse,</span> <span class='ocrx_word' id='word_1_212' title='bbox 1035 1700 1143 1738; x_wconf 89' lang='lat' dir='ltr'>nullo</span> <span class='ocrx_word' id='word_1_213' title='bbox 1159 1700 1228 1738; x_wconf 82' lang='lat' dir='ltr'>ha-</span> 
     </span>
     <span class='ocr_line' id='line_1_31' title="bbox 126 1755 1007 1808; baseline -0.006 -11"><span class='ocrx_word' id='word_1_214' title='bbox 126 1756 321 1807; x_wconf 75' lang='lat' dir='ltr'>ruspicum</span> <span class='ocrx_word' id='word_1_215' title='bbox 338 1756 550 1806; x_wconf 80' lang='lat' dir='ltr'>admonitu,</span> <span class='ocrx_word' id='word_1_216' title='bbox 569 1769 637 1795; x_wconf 84' lang='lat' dir='ltr'>sua</span> <span class='ocrx_word' id='word_1_217' title='bbox 655 1763 786 1808; x_wconf 89' lang='lat' dir='ltr'>sponte</span> <span class='ocrx_word' id='word_1_218' title='bbox 802 1755 1007 1808; x_wconf 85' lang='lat' dir='ltr'>prospexit.</span> 
     </span>
    </p>

    <p class='ocr_par' dir='ltr' id='par_1_4' title="bbox 127 1808 1232 2134">
     <span class='ocr_line' id='line_1_32' title="bbox 181 1808 1230 1861; baseline -0.004 -14"><span class='ocrx_word' id='word_1_219' title='bbox 181 1808 394 1849; x_wconf 82' lang='lat' dir='ltr'>Deteriores</span> <span class='ocrx_word' id='word_1_220' title='bbox 425 1816 579 1856; x_wconf 65' lang='lat' dir='ltr'>caveteg</span> <span class='ocrx_word' id='word_1_221' title='bbox 613 1822 777 1861; x_wconf 89' lang='lat' dir='ltr'>quorum</span> <span class='ocrx_word' id='word_1_222' title='bbox 813 1809 968 1860; x_wconf 89' lang='lat' dir='ltr'>quidem</span> <span class='ocrx_word' id='word_1_223' title='bbox 999 1818 1139 1857; x_wconf 85' lang='lat' dir='ltr'>magna</span> <span class='ocrx_word' id='word_1_224' title='bbox 1173 1812 1230 1843; x_wconf 62' lang='lat' dir='ltr'>ost</span> 
     </span>
     <span class='ocr_line' id='line_1_33' title="bbox 127 1861 1230 1910; baseline -0.004 -11"><span class='ocrx_word' id='word_1_225' title='bbox 127 1861 259 1908; x_wconf 72' lang='lat' dir='ltr'>natio:</span> <span class='ocrx_word' id='word_1_226' title='bbox 289 1861 354 1901; x_wconf 84' lang='lat' dir='ltr'>sed</span> <span class='ocrx_word' id='word_1_227' title='bbox 371 1869 498 1900; x_wconf 89' lang='lat' dir='ltr'>tamen</span> <span class='ocrx_word' id='word_1_228' title='bbox 515 1875 647 1902; x_wconf 85' lang='lat' dir='ltr'>eorum</span> <span class='ocrx_word' id='word_1_229' title='bbox 664 1862 838 1902; x_wconf 91' lang='lat' dir='ltr'>omnium</span> <span class='ocrx_word' id='word_1_230' title='bbox 856 1862 918 1900; x_wconf 90' lang='lat' dir='ltr'>hic</span> <span class='ocrx_word' id='word_1_231' title='bbox 943 1861 1024 1899; x_wconf 85' lang='lat' dir='ltr'>dux</span> <span class='ocrx_word' id='word_1_232' title='bbox 1042 1867 1099 1898; x_wconf 86' lang='lat' dir='ltr'>est</span> <span class='ocrx_word' id='word_1_233' title='bbox 1115 1866 1230 1910; x_wconf 87' lang='lat' dir='ltr'>atque</span> 
     </span>
     <span class='ocr_line' id='line_1_34' title="bbox 128 1912 1231 1967; baseline -0.005 -14"><span class='ocrx_word' id='word_1_234' title='bbox 128 1914 313 1967; x_wconf 76' lang='lat' dir='ltr'>princeps.</span> <span class='ocrx_word' id='word_1_235' title='bbox 349 1915 520 1964; x_wconf 88' lang='lat' dir='ltr'>Etenim,</span> <span class='ocrx_word' id='word_1_236' title='bbox 549 1915 582 1954; x_wconf 86' lang='lat' dir='ltr'>si</span> <span class='ocrx_word' id='word_1_237' title='bbox 608 1928 731 1954; x_wconf 91' lang='lat' dir='ltr'>unum</span> <span class='ocrx_word' id='word_1_238' title='bbox 759 1915 955 1954; x_wconf 89' lang='lat' dir='ltr'>hominem</span> <span class='ocrx_word' id='word_1_239' title='bbox 986 1912 1231 1952; x_wconf 87' lang='lat' dir='ltr'>deterrimum</span> 
     </span>
     <span class='ocr_line' id='line_1_35' title="bbox 129 1964 1231 2020; baseline -0.005 -13"><span class='ocrx_word' id='word_1_240' title='bbox 129 1971 242 2019; x_wconf 82' lang='lat' dir='ltr'>po‘e&#39;ta</span> <span class='ocrx_word' id='word_1_241' title='bbox 264 1967 459 2019; x_wconf 80' lang='lat' dir='ltr'>praestanti</span> <span class='ocrx_word' id='word_1_242' title='bbox 482 1967 654 2020; x_wconf 78' lang='lat' dir='ltr'>aliquis</span> <span class='ocrx_word' id='word_1_243' title='bbox 642 1968 794 2020; x_wconf 80' lang='lat' dir='ltr'>ingenio</span> <span class='ocrx_word' id='word_1_244' title='bbox 819 1968 915 2006; x_wconf 88' lang='lat' dir='ltr'>fictis</span> <span class='ocrx_word' id='word_1_245' title='bbox 936 1964 1231 2017; x_wconf 85' lang='lat' dir='ltr'>conquisitisque</span> 
     </span>
     <span class='ocr_line' id='line_1_36' title="bbox 131 2017 1232 2078; baseline -0.005 -18"><span class='ocrx_word' id='word_1_246' title='bbox 131 2020 231 2060; x_wconf 78' lang='lat' dir='ltr'>vitiis</span> <span class='ocrx_word' id='word_1_247' title='bbox 254 2020 508 2059; x_wconf 85' lang='lat' dir='ltr'>deformatum</span> <span class='ocrx_word' id='word_1_248' title='bbox 531 2021 645 2060; x_wconf 84' lang='lat' dir='ltr'>vellet</span> <span class='ocrx_word' id='word_1_249' title='bbox 671 2021 860 2070; x_wconf 89' lang='lat' dir='ltr'>inducere,</span> <span class='ocrx_word' id='word_1_250' title='bbox 888 2019 1039 2058; x_wconf 88' lang='lat' dir='ltr'>nunum</span> <span class='ocrx_word' id='word_1_251' title='bbox 1066 2017 1232 2078; x_wconf 82' lang='lat' dir='ltr'>profecto</span> 
     </span>
     <span class='ocr_line' id='line_1_37' title="bbox 131 2070 1229 2134; baseline -0.005 -22"><span class='ocrx_word' id='word_1_252' title='bbox 131 2072 293 2112; x_wconf 82' lang='lat' dir='ltr'>dedecus</span> <span class='ocrx_word' id='word_1_253' title='bbox 321 2073 482 2134; x_wconf 78' lang='lat' dir='ltr'>reperire</span> <span class='ocrx_word' id='word_1_254' title='bbox 508 2082 646 2125; x_wconf 85' lang='lat' dir='ltr'>posset,</span> <span class='ocrx_word' id='word_1_255' title='bbox 673 2073 776 2126; x_wconf 86' lang='lat' dir='ltr'>quod</span> <span class='ocrx_word' id='word_1_256' title='bbox 804 2074 845 2112; x_wconf 90' lang='grc' dir='ltr'>ιιι</span> <span class='ocrx_word' id='word_1_257' title='bbox 868 2073 941 2111; x_wconf 91' lang='lat' dir='ltr'>hoc</span> <span class='ocrx_word' id='word_1_258' title='bbox 969 2083 1046 2110; x_wconf 86' lang='lat' dir='ltr'>non</span> <span class='ocrx_word' id='word_1_259' title='bbox 1068 2070 1229 2115; x_wconf 71' lang='lat' dir='ltr'>inesset3</span> 
     </span>
    </p>
   </div>
   <div class='ocr_carea' id='block_1_3' title="bbox 131 2123 1232 2219">
    <p class='ocr_par' dir='ltr' id='par_1_5' title="bbox 131 2123 1232 2219">
     <span class='ocr_line' id='line_1_38' title="bbox 131 2123 1232 2219; baseline -0.004 -53"><span class='ocrx_word' id='word_1_260' title='bbox 131 2126 345 2219; x_wconf 31' lang='lat' dir='ltr'>agitent-que,</span> <span class='ocrx_word' id='word_1_261' title='bbox 363 2138 404 2166; x_wconf 88' lang='grc' dir='ltr'>ιιι</span> <span class='ocrx_word' id='word_1_262' title='bbox 422 2138 467 2165; x_wconf 89' lang='lat' dir='ltr'>eo</span> <span class='ocrx_word' id='word_1_263' title='bbox 484 2126 636 2179; x_wconf 79' lang='lat' dir='ltr'>penitus</span> <span class='ocrx_word' id='word_1_264' title='bbox 649 2126 774 2166; x_wconf 83' lang='lat' dir='ltr'>defixa</span> <span class='ocrx_word' id='word_1_265' title='bbox 798 2133 912 2178; x_wconf 77' lang='lat' dir='ltr'>atque</span> <span class='ocrx_word' id='word_1_266' title='bbox 925 2123 1121 2170; x_wconf 70' lang='lat' dir='ltr'>haerentia,</span> <span class='ocrx_word' id='word_1_267' title='bbox 1136 2136 1232 2174; x_wconf 77' lang='lat' dir='ltr'>prae·</span> 
     </span>
    </p>
   </div>
  </div>
 </body>
</html>
