1425 2334
365 99 479 138 PRO
507 99 702 139 sULer.
734 101 838 138 CAP.
867 101 904 143 7.
1134 101 1180 138 51

82 218 200 258 quam
230 206 445 258 vestigium,
468 207 616 252 fuerat3
659 206 813 244 nullum
845 206 1000 254 crimen,
1034 207 1186 246 nullum

80 259 276 308 indicium,
289 260 396 298 nulla
414 260 587 312 suspicio.
617 260 773 311 Suscepi
784 272 949 308 causam,
967 260 1184 311 Torquate;

80 313 255 364 suscepi3
286 321 322 351 et
339 314 410 352 feci
426 314 600 362 libenter,
620 321 664 351 ut
680 326 756 360 me,
777 326 890 364 quem
904 313 995 351 boni
1014 321 1188 351 constan-

77 373 157 404 tem
183 379 329 417 semper
361 370 422 410 (ut
453 375 578 418 spero)
609 367 899 414 existimassent,
931 367 1108 404 cumdem
1137 379 1186 404 ne

78 418 243 470 improbi
256 420 411 470 quidem
429 420 618 458 crudelem
638 420 813 458 dicerent.

135 473 232 511 VII.
262 473 342 511 Hic
361 474 413 511 ait
431 486 470 511 se
488 474 565 521 ille,
583 473 742 522 judices,
763 486 923 524 regnum
938 485 1069 511 meum
1088 473 1186 510 ferre

80 537 157 563 non
174 538 294 576 posse.
323 526 440 574 Quod
461 527 629 575 tandem,
650 527 859 578 Torquate,
880 539 1040 577 regnum
1054 526 1072 562 ?
1100 538 1188 564 con-

80 579 222 617 sulatfis
237 579 380 627 (credo)
398 580 475 618 mei
490 594 503 626 ;
532 580 571 617 in
591 593 668 631 quo
687 593 756 630 ego
774 580 957 631 imperavi
975 579 1086 626 nihil,
1106 579 1186 626 sed,

80 640 222 680 contra,
241 633 412 683 patribus
437 634 655 684 conscriptis
674 642 712 671 et
729 634 836 671 bonis
855 634 1033 671 omnibus
1052 633 1186 684 parui:

81 698 157 737 quo
175 686 215 723 in
232 687 455 736 magistratu
474 699 550 724 non
569 687 787 724 institutum
807 695 862 724 est
880 701 902 724 a
920 699 997 733 me,
1025 686 1187 735 judices,

84 751 260 789 regnum,
281 739 346 777 sed
363 752 439 777 non
457 740 699 791 permissum.
727 740 796 777 An
816 748 913 787 tum,
935 740 974 776 in
995 747 1100 776 tanto
1118 740 1192 776 im-

84 792 201 843 perio,
221 791 325 830 tanta
342 801 538 844 potestate,
559 806 634 831 non
660 793 752 831 dicis
770 793 884 831 fuisse
903 805 1058 843 regem3
1088 805 1166 829 nur:
1171 805 1191 830 c

85 845 278 906 privatum
321 859 411 896 regn
403 860 476 884 are
519 847 637 885 dicis.
628 849 644 875 9
699 859 775 897 quo
812 847 965 884 tandem
1001 846 1181 883 nomine.
1172 848 1188 872 ²

85 898 215 946 Quod,
242 899 283 936 in
311 912 405 950 quos
435 899 649 937 testimonia
676 899 818 946 dixisti,
852 900 991 950 inquit,
1021 898 1193 936 damnati

85 960 200 997 sunt;
230 965 344 1003 quem
365 953 548 1000 defendis,
575 960 698 1004 sperat
723 966 763 990 se
784 953 999 990 absolutum
1024 952 1082 989 iri.
1112 952 1193 989 Hic

84 1005 155 1042 tibi
174 1017 243 1055 ego
260 1005 307 1042 de
322 1006 543 1043 testimoniis
554 1007 647 1043 meis
658 1006 729 1044 hoc
743 1006 971 1056 respondeo:
1003 1005 1034 1042 si
1052 1005 1192 1042 falsum

86 1057 261 1105 dixerim,
282 1067 319 1096 te
337 1059 377 1096 in
396 1072 457 1096 ecs
477 1059 638 1097 dixisse:
670 1059 725 1097 sin
746 1072 904 1103 verum3
935 1071 1010 1095 non
1029 1071 1108 1096 esse
1121 1058 1193 1095 hoc

84 1123 254 1161 regnare,
267 1124 356 1149 cum
375 1125 504 1150 verum
518 1113 667 1161 juratus
686 1113 800 1159 dicas,
821 1114 990 1162 probare.

138 1163 201 1201 De
223 1164 339 1214 hujus
368 1178 433 1216 spe
457 1174 608 1203 tantum
634 1165 730 1213 dico,
758 1166 882 1203 nullas
904 1179 927 1202 a
952 1177 1014 1203 me
1036 1178 1124 1215 opes
1144 1165 1191 1202 P.

85 1217 248 1265 Sullam,
281 1219 429 1256 nullam
457 1219 680 1270 potentiam,
713 1219 811 1256 nihil
841 1218 1019 1269 denique,
1057 1225 1192 1268 praeter

85 1270 198 1308 fidem
211 1271 448 1318 defensionis,
461 1280 686 1323 exspectare.
714 1273 751 1310 N
756 1272 803 1309 isi
816 1279 873 1320 tu,
889 1271 1028 1322 inquit,
1041 1284 1194 1308 causam

84 1323 297 1374 recepisses,
331 1338 530 1376 nunquam
563 1325 660 1363 mihi
688 1326 882 1363 restitisset
898 1339 910 1370 3
941 1325 1020 1371 sed,
1051 1325 1194 1362 indicta

86 1376 210 1424 causa,
243 1378 480 1429 profugisset.
509 1378 550 1417 Si
578 1379 660 1427 jam
687 1379 760 1417 hoc
791 1379 860 1416 tibi
893 1378 1109 1425 concedam,
1140 1378 1193 1424 Q.

87 1429 352 1478 Hortensium,
372 1433 479 1469 tanti»
503 1432 684 1482 gravitate
706 1432 916 1477 hominem,
943 1431 988 1478 si,
1015 1431 1083 1468 hos
1102 1431 1196 1468 tales

86 1483 199 1530 viros,
215 1496 290 1522 non
306 1498 374 1522 suo
387 1492 482 1522 stare
493 1485 650 1534 judicio,
665 1486 729 1523 sed
740 1498 852 1530 meo,
842 1499 851 1508 ·
883 1486 913 1522 si
924 1485 994 1521 hoc
1006 1485 1076 1521 tibi
1087 1484 1190 1531 dem,

86 1537 190 1586 quod
218 1538 318 1575 credi
347 1550 424 1576 non
452 1545 588 1589 potest,
613 1539 685 1576 nisi
711 1552 780 1589 ego
808 1538 898 1576 huic
923 1538 1106 1584 adessem,
1126 1537 1195 1575 hos

83 1589 269 1629 affuturos
299 1603 376 1629 non
395 1591 535 1637 fuisse3
566 1599 650 1629 uter
668 1592 822 1630 tandem
841 1604 908 1629 rex
928 1598 995 1637 est,
1019 1591 1113 1638 isne,
1135 1591 1196 1627 cui

89 1642 305 1682 innocentes
323 1645 494 1682 homines
515 1656 592 1682 non
621 1645 814 1692 resistunt,
835 1657 883 1682 an
902 1644 934 1681 is
957 1644 1025 1695 qui
1042 1644 1197 1682 calami-

88 1702 187 1735 tosos
205 1709 281 1734 non
308 1697 476 1736 deserit?
505 1698 563 1736 At
586 1698 651 1736 hic
677 1698 790 1736 etiam
822 1698 891 1745 (id,
917 1697 1019 1748 quod
1044 1697 1113 1734 tibi
1131 1709 1197 1734 ne-

88 1761 187 1787 cesse
204 1750 364 1788 minime
381 1751 470 1798 fuit)
489 1751 631 1789 facetus
643 1764 721 1789 esse
739 1751 906 1798 voluisti,
922 1763 1010 1788 cum
1029 1750 1197 1800 Tarqui-

89 1802 272 1849 nium,et
290 1804 478 1852 Numam,
495 1812 532 1842 et
545 1817 607 1842 me
622 1805 775 1842 tertium
790 1804 1032 1855 peregrinum
1052 1816 1195 1853 regem,

89 1867 169 1893 esse
183 1855 323 1894 dixisti.
352 1856 493 1895 Mitto·
479 1870 560 1906 Jam
573 1858 619 1896 de
630 1871 717 1908 rege
729 1870 918 1909 quaerere:
940 1857 1037 1894 illud
1051 1869 1194 1907 quaero,

89 1908 333 1959 peregrinum
357 1923 424 1948 cui·
452 1923 516 1948 me
537 1924 614 1949 esse
637 1911 802 1949 dixeris·
832 1923 937 1957 nam,
962 1910 994 1947 si
1017 1909 1071 1946 ita
1095 1922 1198 1956 sun,

92 1973 168 1998 non
188 1969 267 1999 tam
291 1970 346 2001 est
363 1963 644 2012 admirandum,
671 1977 800 2014 regem
829 1976 908 2001 esse
926 1975 989 2000 me
1015 1962 1136 2014 (quia,
1156 1969 1201 1998 ut

93 2021 136 2051 tu
155 2014 224 2062 vis,
245 2015 358 2053 etiam
377 2018 564 2068 peregrini
580 2030 686 2068 reges
705 2018 842 2055 Romae
859 2017 1048 2064 fuerunt),
1077 2027 1198 2067 quam

91 2069 285 2106 consulem
303 2069 440 2108 Romae
455 2070 571 2108 fuisse
587 2071 842 2122 peregrinum.

145 2120 232 2160 Hoc
255 2121 353 2184 dieo,
379 2123 519 2175 inquit,
543 2131 581 2165 te
605 2136 684 2162 esse
710 2137 758 2162 ex
783 2123 1002 2174 municipio.
1032 2122 1195 2160 Fateor·
1184 2148 1197 2163 ‚

93 2179 130 2213 et
160 2174 258 2214 addo
286 2176 415 2225 etiam,
441 2189 488 2216 ex
513 2189 556 2215 eo
579 2177 802 2228 municipio,
827 2177 929 2216 unde
952 2176 1090 2214 iterum
1116 2175 1198 2222 jam
