1425 2348
256 73 336 110 346
543 73 656 112 PRO
687 71 888 111 COELIO.
918 71 1018 109 CAP.
1042 71 1080 106 2.

257 180 421 230 speravit
438 180 596 232 aliquid,
620 180 801 232 pueritiae.
848 177 1002 217 Caeteris
1026 187 1104 214 non
1134 171 1248 211 modo
1271 168 1368 208 nihil

257 233 542 284 ignoscendum,
559 235 624 272 sed
643 234 756 272 etiam
775 233 907 271 acriter
925 239 980 269 est
997 226 1258 287 resistendum.
1293 277 1302 285 .

313 288 370 324 ΙΙ.
401 289 463 325 Ac
481 288 577 325 mihi
591 288 746 340 quidem
762 287 921 333 videtur,
939 284 1097 334 judices,
1113 281 1175 319 hic
1193 283 1367 338 introitus

256 340 481 379 defensionis
496 342 752 380 adolescentiae
772 340 831 378 M.
853 339 962 378 Coelii
973 336 1140 375 maxime
1155 342 1364 395 convenire,

257 402 301 431 ut
319 395 367 432 ad
386 409 442 443 ea,
463 409 549 446 quae
576 402 821 440 accusatores,
845 390 1080 430 deformandi
1098 389 1214 437 hujus
1239 397 1366 430 causa,

257 447 497 486 detrahendae
512 448 792 499 spoliandaeque
811 445 1004 497 dignitatis
1023 441 1156 494 gratia,
1177 440 1368 485 dixerunt,

257 501 427 552 primum
448 502 705 553 respondeam.
736 501 920 549 objectus
939 506 994 536 est
1011 504 1117 548 pater
1135 495 1249 540 varie,
1266 490 1370 543 quod

259 563 325 592 aut
339 569 475 606 parum
489 555 707 606 splendidus
724 554 817 605 ipse,
834 560 901 591 aut
918 563 1052 603 parum
1073 550 1135 601 pie
1152 554 1373 606 tractatusa

257 608 336 646 filio
351 609 546 646 diceretur.
577 609 639 646 De
653 608 850 659 dignitate,
871 606 1014 644 Coelius
1032 603 1131 641 notis
1156 614 1199 639 ac
1217 609 1372 661 rnajfm-

257 663 328 700 bus
347 671 454 710 natu,
472 663 586 700 etiam
606 663 685 700 sine
704 662 791 699 mea
809 660 989 706 oratione,
1005 657 1153 704 tacitus,
1165 653 1275 692 facile
1292 663 1372 702 lpse

255 716 478 766 respondet:
501 717 640 767 quibus
659 723 800 763 autem,
814 721 966 765 propter
985 717 1230 755 senectutem,
1250 703 1373 757 (quod

253 770 335 818 jam
355 770 421 807 diu
440 770 568 807 minus
587 771 627 807 in
646 769 726 807 foro
745 769 943 806 nobiscum
963 771 1147 811 versatur)
1166 774 1243 822 non
1263 771 1370 819 ³³qu

257 830 312 860 est
332 824 530 874 cognitus;
560 824 601 861 hi
627 823 678 861 sic
696 823 884 861 habeant:
916 829 1167 872 quaecumque
1183 827 1225 852 m
1243 818 1369 864 equ1te

255 876 433 915 Romano
452 877 617 928 dignitas
637 889 715 915 esse
733 876 865 928 possit,
893 878 996 926 (quae
1021 878 1118 911 certe
1144 874 1267 930 potest
1291 877 1368 905 asse

254 931 441 979 maxima)
473 944 557 969 eam
589 944 736 981 semper
772 930 812 967 in
841 928 902 967 Μ.
934 926 1052 966 Coelio
1083 925 1254 982 habitarn
1291 932 1370 958 esse

256 997 465 1031 summam,
498 985 687 1036 hodieque
711 983 855 1030 haberi,
880 994 957 1019 non
984 980 1109 1018 solum
1136 990 1158 1014 a
1183 988 1273 1022 suis,
1304 971 1370 1011 sed

253 1038 367 1075 etiam
395 1040 443 1076 ab
472 1039 663 1087 omnibus,
685 1038 824 1089 quibus
853 1034 1018 1088 potuerit
1036 1030 1168 1083 aliqua
1185 1030 1233 1068 de
1256 1025 1372 1068 caus&

251 1103 328 1129 esse
347 1100 470 1130 notus.
1226 1136 1234 1144 ⁴

306 1145 461 1196 Equitis
480 1153 610 1184 autem
629 1144 798 1183 Romani
816 1157 894 1182 esse
920 1142 1059 1187 filium,
1088 1137 1257 1177 criminis
1283 1135 1367 1172 loco

249 1198 341 1250 poni
359 1201 407 1236 ab
426 1199 717 1246 accusatoribus,
738 1211 875 1249 neque,
888 1197 947 1234 his
963 1192 1235 1245 judicantibus,
1254 1200 1365 1248 OPPI-

251 1252 339 1299 tuit,
360 1265 484 1304 neque
503 1253 790 1291 defendentibus
809 1250 928 1289 nobis.
958 1249 1079 1295 Nam,
1100 1244 1203 1298 quod
1220 1244 1268 1304 de
1285 1254 1366 1294 ple-

250 1312 325 1343 tate
351 1306 512 1355 dixistis,
536 1314 590 1345 est
609 1306 764 1358 quidem
783 1306 855 1343 ista
872 1310 1000 1342 nostra
1028 1300 1268 1345 existimatio,
1285 1294 1369 1357 'sed

245 1358 435 1408 judicium
454 1367 550 1398 certe
564 1360 741 1410 parentis.
772 1358 879 1406 Quid
891 1370 958 1394 nos
976 1355 1189 1406 opinemur,
1206 1350 1370 1408 audietis

251 1425 299 1449 ex
314 1413 473 1460 juratis:
505 1414 598 1464 quid
626 1420 798 1463 parentes
826 1411 1001 1457 sentiant,
1029 1409 1207 1458 lacrymae
1233 1409 1368 1442 matris

251 1465 555 1518 incredibilisque
573 1479 724 1513 moeror,
745 1465 897 1516 squalor
914 1462 1047 1515 patris,
1061 1468 1098 1499 et
1109 1461 1189 1497 haec
1202 1467 1366 1509 praesens

251 1520 442 1568 moestitia,
463 1533 580 1571 quam
600 1519 762 1567 cernitis,
781 1520 982 1568 luctusque
1000 1515 1175 1553 declarat.

305 1574 426 1620 Nam,
443 1573 546 1624 quod
566 1581 620 1611 est
639 1575 844 1623 objectum,
860 1570 1117 1621 municipibus
1131 1580 1210 1605 esse
1221 1565 1365 1604 adoles-

253 1634 399 1665 centem
427 1640 503 1664 non
533 1629 737 1677 probatum
765 1626 866 1671 suis;
897 1623 1042 1662 nemini
1068 1633 1241 1672 unquam
1268 1631 1366 1670 prae-

251 1680 347 1718 senti
374 1681 576 1718 Puteolani
605 1682 766 1729 majores
794 1680 954 1718 honores
981 1678 1211 1723 habuerunt,
1245 1685 1359 1732 quarn

250 1734 397 1772 absenti
422 1734 482 1772 M.
504 1734 648 1780 Coelio3
680 1747 794 1785 quem
824 1741 862 1771 et
888 1734 1081 1770 absentem
1108 1729 1148 1767 in
1176 1726 1363 1777 ampliss1-
1424 1775 1425 1784 ἵ

248 1800 359 1825 mum
378 1788 548 1825 ordinem
568 1788 806 1839 cooptarunt,
828 1794 865 1824 et
889 1799 933 1824 ea
951 1797 1028 1823 non
1046 1781 1189 1835 petenti
1213 1778 1357 1818 detule-

247 1848 352 1887 runt,
373 1855 459 1892 quae
485 1841 617 1879 multis
640 1841 853 1892 petentibus
881 1838 1138 1890 denegarunt:
1168 1834 1359 1893 fidemque

248 1906 351 1931 nune
369 1895 586 1932 lectissimos
612 1895 724 1942 viros,
760 1901 796 1931 et
823 1893 941 1931 nostri
981 1890 1136 1937 ordinis,
1162 1895 1199 1926 et
1217 1893 1359 1938 equites

247 1948 457 1994 Romanos,
478 1961 566 1985 cum
593 1948 779 1998 legatione
801 1947 849 1985 ad
875 1946 948 1984 hoc
975 1944 1177 1994 judicium,
1207 1948 1244 1979 et
1270 1951 1357 1978 cum

247 2001 470 2051 gravissima
498 2008 612 2052 atque
639 2000 876 2039 ornatissima
900 1999 1130 2045 laudatione,
1159 1995 1355 2035 misean

248 2054 391 2093 Videor
419 2054 515 2092 mihi
544 2055 674 2104 jecisse
706 2054 956 2092 fundamenta
982 2049 1206 2090 defensionis
1234 2057 1355 2090 meae;

244 2120 331 2158 quae
361 2108 578 2146 firmissima
614 2115 716 2154 sunt,
751 2107 781 2145 si
810 2107 985 2145 nituntur
1012 2104 1156 2155 judicio
1185 2111 1352 2141 suorum.

245 2160 383 2213 Neque
400 2162 502 2201 enim
522 2161 626 2200 vobis
649 2162 737 2200 satis
755 2160 1018 2200 commendata
1035 2159 1150 2209 hujus
1168 2167 1257 2199 aetas
1275 2163 1355 2196 esse
