1425 2334
371 91 484 132 PRO
513 93 709 133 SULLA.
741 94 845 132 CAP.
881 95 940 140 le.
1158 95 1210 131 63

101 196 218 236 tilinae
253 197 536 238 denuntiatione
572 200 775 239 convenit?
812 213 898 252 quae
931 212 1008 238 nox
1038 199 1212 238 omnium

93 257 316 302 temporum
335 253 604 302 conjurationis
621 253 802 292 acerrima
829 253 903 291 fuit
922 261 1036 305 atque
1054 252 1216 292 acerbis-

101 303 208 342 sima.
248 305 355 343 Tum
375 306 550 346 Catilinae
568 307 646 345 dies
665 306 841 354 exeundi,
862 315 946 345 tum
966 307 1106 344 caeteris
1129 319 1212 344 ma-

99 358 214 395 nendi
226 359 403 406 conditio,
416 367 500 398 tum
512 361 709 411 descriptio
722 368 840 398 totam
855 374 920 411 per
938 361 1083 398 Urbem
1100 359 1210 397 caedis

99 418 214 461 atque
243 411 503 452 incendiorum
533 415 734 452 constituta
763 422 841 452 est:
873 423 964 451 tunc
982 421 1070 450 tuus
1089 421 1211 464 pater,

101 462 266 513 Corneli,
283 466 352 513 (id,
370 467 472 517 quod
487 468 640 505 tandem
655 467 859 518 aliquando
874 467 1086 513 confitetur)
1106 467 1213 503 illam

100 517 174 554 sibi
190 517 392 557 officiosam
412 521 645 571 provinciam
664 521 895 571 depoposcit,
910 527 967 567 ut,
981 533 1069 557 cum
1088 519 1213 570 primu

97 569 181 608 luce
210 573 402 611 consulem
432 575 638 612 salutatum
658 575 831 619 venisset,
857 574 1095 611 intromissus
1124 585 1210 610 meo

97 634 201 661 more
221 632 258 662 et
273 627 360 674 jure
378 627 566 675 amicitiae,
587 641 650 666 me
668 628 708 664 in
727 640 813 665 meo
832 627 970 665 lectulo
989 626 1204 664 trucidaret.

149 677 270 715 XIX.
301 679 388 718 Hoc
407 689 587 731 tempore,
608 694 695 719 cum
715 680 861 719 arderet
879 680 1059 718 acerrime
1078 680 1211 728 conju-

96 730 216 777 ratio;
237 745 323 770 cum
347 734 511 772 Catilina
530 734 765 786 egrederetur
785 734 833 771 ad
852 734 1084 778 exercitum3
1108 733 1212 770 Len-

98 783 202 822 tulus
226 785 266 823 in
287 786 392 825 Urbe
412 788 710 839 relinqueretur-⁰,
741 787 893 825 Cassius
918 786 1113 834 incendiis,
1139 787 1211 823 Ce-

99 836 235 888 thegus
254 839 360 888 cadi,
380 850 682 892 praeponeretur3
712 840 918 887 Autronio,
949 848 993 877 ut
1015 846 1213 889 occuparet

98 890 309 940 Etruriam,
330 895 654 945 praescriberetur3
685 907 771 932 cum
787 894 915 931 omnia
932 893 1208 940 ordinarentur,

100 943 398 993 instituerentur,
418 956 664 998 pararentur;
694 947 761 985 ubi
778 947 853 984 fuit
878 947 998 990 Sulla,
1021 946 1172 984 Corneli
1190 948 1207 985 ?

101 997 209 1035 Num
225 999 361 1038 Romae
376 1003 392 1039 :³
421 1001 541 1039 immo
559 1002 672 1052 longe
691 1000 823 1038 abfuit.
855 1001 964 1038 Num
977 1000 1014 1036 in
1029 999 1074 1037 iis
1088 999 1210 1049 regio-

98 1050 225 1099 nibus,
246 1066 322 1103 quo
344 1067 382 1091 se
407 1054 571 1092 Catilina
596 1053 809 1092 inferebat?
838 1054 961 1090 multo
987 1053 1100 1090 etiam
1125 1053 1210 1089 lon-

98 1103 194 1153 gius.
223 1106 333 1144 Num
353 1107 392 1144 in
412 1120 502 1158 agro
522 1107 703 1154 Camerti,
726 1107 879 1151 Piceno,
907 1106 1080 1150 Gallico3
1112 1118 1207 1156 quas

97 1169 180 1196 oras
197 1159 365 1198 maxime
384 1161 492 1211 quasi
511 1163 666 1198 morbus
685 1160 842 1211 quidam
863 1160 964 1196 illius
976 1159 1112 1196 furoris
1123 1172 1208 1209 pcr-

97 1214 273 1250 vascrat?
302 1213 399 1250 nihil
417 1226 504 1252 vero
529 1214 680 1252 minus:
711 1213 785 1251 fuit
803 1213 919 1261 enim,
949 1221 993 1250 ut
1019 1213 1100 1261 jam
1120 1219 1208 1249 ante

97 1263 192 1311 dixi,
216 1265 402 1316 Neapoli:
431 1267 506 1304 fuit
524 1267 564 1304 in
584 1268 628 1305 ea
646 1275 753 1318 parte
773 1266 910 1315 ltaliae,
939 1279 1024 1317 quae
1038 1265 1209 1303 maxime

97 1316 140 1362 ea
158 1319 367 1369 suspicione
385 1320 516 1358 caruit.

149 1370 256 1418 Quid
279 1385 366 1423 ergo
395 1373 550 1423 indicat,
570 1380 637 1412 aut
666 1373 760 1425 quid
786 1373 906 1421 affert,
931 1380 998 1410 aut
1015 1372 1096 1423 ipse
1115 1372 1209 1410 Cor-

96 1424 233 1473 nelius,
264 1434 330 1463 aut
360 1439 438 1475 VOS,
470 1428 538 1477 qui
567 1429 614 1465 ab
641 1440 683 1465 eo
713 1428 793 1465 haec
817 1426 997 1464 mandata
1019 1425 1170 1463 defertis
1189 1427 1206 1463 ἓ

99 1477 336 1517 Gladiatores
348 1487 468 1517 emtos
481 1493 571 1528 esse,
588 1480 723 1518 Fausti
735 1480 988 1527 simulatione,
1005 1479 1054 1516 ad
1065 1479 1208 1517 caedem

96 1543 139 1568 ac
158 1533 381 1570 tumultum.
425 1534 487 1571 Ita
515 1547 692 1585 prorsus:
723 1534 932 1584 interpositi
951 1540 1040 1570 sunt
1063 1532 1209 1582 gladia-

96 1590 209 1632 tores,
220 1598 314 1636 quos
326 1593 548 1625 testamento
559 1587 675 1638 patris
688 1587 860 1625 videmus
872 1586 1010 1624 deberi.
1039 1587 1210 1636 Arrepta

97 1644 154 1674 est
171 1637 317 1676 familia
333 1653 342 1677 ε
374 1653 460 1691 quae
479 1640 509 1678 si
528 1647 626 1679 esset
640 1641 903 1691 praetermissa,
923 1646 1048 1691 posset
1059 1639 1134 1676 alia
1149 1639 1207 1676 fa-

97 1689 206 1728 milia
225 1691 359 1730 Fausti
383 1705 525 1732 munus
549 1696 727 1745 praebere.
768 1694 929 1732 Utinam
948 1693 1103 1744 quidem
1125 1691 1206 1730 haec

97 1742 180 1793 ipsa
197 1756 273 1782 non
291 1745 405 1783 modo
428 1746 648 1797 iniquorum
673 1747 838 1791 invidiae,
870 1746 935 1784 sed
954 1754 990 1784 et
1009 1757 1208 1797 aequorum

98 1798 380 1848 exspectationi,
401 1800 609 1838 satisfacere
627 1808 753 1851 posset
772 1801 780 1837 l
824 1800 1076 1850 Properatum
1096 1798 1207 1836 vehe-

97 1857 256 1898 menter,
277 1863 365 1889 cum
383 1853 495 1903 longe
523 1860 676 1905 tempus
700 1854 869 1892 muneris
887 1855 1041 1891 abesset.
1085 1851 1208 1899 Quasi

98 1915 186 1941 vero
204 1910 355 1955 tempus
373 1905 488 1944 dandi
512 1907 680 1945 muneris
705 1919 780 1945 non
799 1906 908 1945 valde
926 1905 1207 1957 appropinqua-

97 1962 165 1994 ret.
199 1956 240 1994 N
243 1970 284 1996 ec
301 1958 479 2008 opinante
498 1959 653 2007 Fausto,
667 1973 754 1998 cum
769 1961 802 1998 is
814 1972 937 2010 neque
956 1960 1064 1997 sciret
1082 1970 1205 2008 neque

98 2009 225 2057 vellet,
245 2010 392 2049 familia
410 2020 466 2050 est
483 2022 709 2064 comparata.
739 2014 798 2051 At
815 2013 931 2051 literae
950 2020 1038 2050 sunt
1058 2011 1205 2056 Fausti,

96 2075 165 2112 per
183 2076 277 2114 quas
295 2064 360 2102 ille
378 2065 551 2116 precibus
570 2080 593 2104 a
611 2067 656 2104 P.
677 2067 787 2105 Sulla
808 2067 915 2118 petit,
943 2073 988 2103 ut
1006 2073 1108 2103 emat
1125 2064 1206 2113 gla-

97 2115 272 2164 diatores,
293 2124 331 2155 et
348 2125 392 2156 ut
409 2119 478 2157 hos
495 2119 596 2170 ipsos
613 2127 715 2158 emat
730 2134 742 2166 ς
772 2133 896 2171 neque
913 2119 1037 2158 solum
1055 2118 1104 2156 ad
1115 2116 1204 2155 Sul-

98 2167 178 2206 lam
204 2170 345 2219 missae,
371 2172 437 2211 sed
460 2172 509 2210 ad
528 2172 576 2211 L.
597 2173 800 2221 Caesarem,
821 2174 872 2220 Q.
894 2171 1136 2222 Pompeium,
1158 2169 1204 2206 C.

97 2220 359 2271 Memmium;
388 2237 551 2277 quorum
571 2226 618 2266 de
635 2227 822 2266 sententia
839 2232 918 2265 tota
935 2238 992 2264 res
1010 2231 1116 2275 gesta
1134 2229 1203 2260 est.
