1435 2328
201 96 252 134 94
402 95 544 136 POST
573 95 845 136 REDITUM
875 97 910 137 Ι.
939 96 1044 136 ΟΑΡ.
1065 97 1104 136 3.

254 200 313 239 ΙΙ.
344 201 494 254 Itaque,
514 211 638 255 patres
657 204 869 256 conscripti,
889 203 1011 256 (quod
1028 217 1077 243 ne
1095 202 1308 256 optandum

199 254 358 306 quidem
389 264 444 295 est
472 258 634 306 homini)
663 258 990 297 immortalitatem
1016 258 1224 310 quamdam
1243 271 1311 309 per

199 321 265 346 vos
276 309 402 360 adepti
414 311 597 349 videmur.
629 312 744 359 Quod
759 311 860 350 enim
873 320 1022 363 tempus
1035 312 1104 350 erit
1119 324 1308 363 unquam,

202 375 279 413 quo
292 371 501 402 vestrorum
520 365 559 402 in
578 378 645 403 nos
664 362 932 404 beneficiorum
950 365 1134 404 memoria
1147 378 1190 403 ac
1208 365 1312 402 fama

201 416 415 456 moriatur?
445 419 512 469 qui
530 419 623 457 illo
614 432 695 470 1pso
714 427 896 480 tempore,
917 432 1005 457 cum
1025 419 1076 467 vi,
1097 419 1209 464 ferro,
1229 431 1311 456 me-

202 475 259 518 tu,
279 470 407 519 minis,
428 473 565 510 obsessi
584 473 819 521 teneremini,
841 485 915 510 non
931 473 1054 510 multo
1072 478 1157 523 post
1175 471 1312 510 disces-

202 536 288 561 sum
317 537 462 571 meum,
489 526 654 564 universi
678 540 741 564 me
770 526 1021 575 revocavistis,
1051 526 1233 564 referente
1260 525 1310 563 L.

202 577 361 621 Ninnio,
383 578 585 617 fortissimo
604 587 718 631 atque
743 580 888 631 optimo
907 580 1012 625 viro3
1043 592 1159 631 quem
1177 578 1314 617 habuit

200 630 266 668 ille
294 631 446 681 pestifer
474 645 596 671 annus
626 640 662 672 et
693 634 862 671 maxime
890 633 1055 681 fidelem,
1087 640 1124 670 et
1154 632 1313 670 minime

201 683 381 722 timidum
401 685 449 728 (si
479 686 657 725 dimicare
678 687 894 738 placuisset)
920 686 1155 724 defensorem
1180 685 1312 724 salutis

200 750 307 775 meae.
339 739 594 790 Posteaquam
609 741 714 778 vobis
733 747 897 791 potestas
920 739 1143 778 decernendi
1161 751 1237 776 non
1256 746 1312 777 est

201 791 383 842 permissa
400 805 467 842 per
492 806 580 830 eum
600 794 798 831 tribunum
823 793 957 845 plebis,
978 793 1059 844 qui,
1080 806 1169 830 curn
1187 805 1254 843 per
1273 805 1313 830 se

201 846 477 895 rempublicam
499 847 661 885 lacerare
678 860 755 885 non
779 855 917 898 posset,
937 849 1007 884 sub
1033 846 1155 884 alieno
1174 846 1314 884 scelere

201 897 366 945 delevit3
397 911 596 950 nunquam
615 901 662 938 de
680 914 742 939 me
761 901 941 946 siluistis;
971 913 1170 951 nunquam
1184 912 1312 937 meam

201 952 364 990 salutem
383 965 460 991 non
485 956 533 993 ab
552 954 610 993 his
630 955 861 1004 consulibus,
881 954 949 1008 qui
967 954 1226 1001 vendiderant,
1245 953 1314 991 fla-

201 1004 396 1055 gitavistis.

258 1059 395 1111 Itaque
419 1068 540 1100 vestro
566 1061 691 1100 studio
718 1068 832 1113 atque
857 1061 1078 1100 auctoritate
1101 1060 1317 1112 perfectum

204 1121 273 1160 est,
293 1121 338 1151 ut
355 1113 448 1152 ille
437 1127 517 1166 lpse
533 1128 668 1164 annus,
691 1129 806 1166 quem
819 1129 887 1166 ego
905 1115 1015 1162 mihi,
1032 1127 1148 1166 quam
1166 1114 1312 1165 patriae,

205 1167 417 1205 malueram
441 1181 519 1206 esse
537 1169 706 1217 fatalem,
727 1170 795 1207 hos
813 1170 984 1207 tribunos
1001 1169 1170 1214 haberet,
1191 1167 1258 1218 qui
1277 1175 1320 1205 et.

204 1221 491 1271 promulgarent
510 1222 556 1259 de
582 1223 702 1260 salute
720 1222 820 1269 mea,
842 1230 878 1260 et
903 1222 951 1260 ad
970 1235 1035 1261 vos
1054 1233 1314 1272 saepenumero

204 1272 395 1311 referrent.
427 1275 532 1312 Nam
562 1276 746 1323 consules,
783 1276 958 1324 modesti,
992 1276 1200 1326 legumque
1230 1286 1314 1311 me-

205 1332 365 1374 tuentes,
397 1327 701 1390 impediebantur
732 1330 829 1379 lege,
863 1342 940 1367 non
963 1342 1021 1377 ea,
1055 1341 1142 1379 quae
1160 1328 1207 1365 de
1231 1340 1309 1375 me,

204 1379 282 1426 sed,
310 1394 397 1431 quae
415 1381 496 1419 de
486 1382 575 1433 ipsis
593 1383 670 1420 lata
689 1390 780 1429 erat,
801 1395 889 1420 cum
907 1395 1015 1420 meus
1031 1381 1208 1420 inimicus
1226 1393 1315 1431 pro-

204 1434 406 1484 mulgavit,
430 1442 488 1484 ut,
512 1436 542 1473 si
567 1436 787 1474 revixissent
811 1436 853 1484 11,
885 1436 953 1487 qui
975 1436 1057 1474 haec
1083 1448 1192 1486 paene
1211 1434 1315 1472 dele-

203 1494 307 1534 111111,
339 1495 423 1525 tum
454 1502 523 1539 ego
553 1490 740 1527 redirem.
771 1502 848 1540 quo
872 1489 971 1527 facto
993 1496 1200 1539 utrumque
1226 1500 1314 1526 con-

203 1538 323 1578 fessus
343 1549 410 1589 est,
438 1519 498 1580 et²³
504 1555 542 1580 se
559 1543 715 1580 illorum
734 1543 852 1580 vitam
876 1543 1099 1589 desiderare,
1119 1549 1157 1579 et
1174 1554 1315 1592 magno

204 1593 245 1630 in
264 1594 430 1644 periculo
444 1597 718 1647 rempublicam
733 1596 918 1644 futuram,
932 1596 962 1634 si
977 1603 1043 1634 aut
1060 1596 1186 1634 hostes
1200 1603 1316 1646 atque

204 1646 456 1687 interfectores
479 1650 695 1701 reipublicae
718 1650 953 1698 revixissent,
980 1655 1047 1687 aut
1072 1661 1141 1699 ego
1160 1661 1236 1686 non
1255 1661 1315 1686 re-

204 1700 408 1739 vertissem.
439 1703 577 1754 Itaque
604 1704 671 1741 ino
701 1703 783 1754 ipso
812 1710 941 1742 tamen
973 1715 1086 1750 anno,
1120 1715 1209 1740 cum
1241 1714 1313 1752 ego

204 1754 408 1802 cessissem,
429 1757 602 1808 princeps
624 1764 752 1795 autem
771 1756 944 1805 civitatis,
971 1768 1046 1794 non
1066 1756 1197 1806 legum
1215 1768 1315 1806 prae-

206 1807 313 1855 sidio,
348 1808 413 1846 sed
441 1809 644 1860 parietum,
671 1810 789 1848 vitam
819 1823 928 1848 suam
955 1817 1314 1859 tueretu131espu-

204 1861 304 1898 blica
333 1862 412 1900 sine
430 1864 646 1902 consulibus
668 1871 774 1912 esset,
802 1876 926 1915 neque
950 1864 1074 1902 solum
1091 1862 1312 1914 parentibus

206 1915 411 1965 perpetuis,
445 1930 578 1954 verum
598 1918 712 1955 etiam
742 1917 930 1955 tutoribus
953 1916 1102 1964 annuis,
1135 1922 1230 1954 esset
1257 1928 1318 1953 or·

204 1969 317 2014 bata3
347 1971 548 2008 sententias
581 1971 701 2009 dicere
729 1970 1046 2022 prohiberemini;
1077 1976 1190 2020 caput
1218 1970 1315 2006 meae'

203 2022 484 2074 proscriptionis
499 2024 741 2069 recitaretur,
730 2038 740 2047 ·
762 2036 961 2086 nunquam
975 2023 1175 2062 dubitastis
1186 2034 1317 2062 meam>

204 2075 367 2113 salutem
386 2089 474 2115 cum
493 2078 687 2116 communi
705 2078 825 2115 salute
843 2078 1083 2128 conjungere.

259 2128 342 2167 ΙΙΙ.
372 2130 509 2169 Postea
539 2144 628 2170 vero
651 2144 783 2182 quam,
809 2131 992 2181 singulari
1021 2137 1059 2169 et
1080 2128 1312 2191 praestantis-

205 2180 304 2222 sima
320 2182 458 2223 virtute
487 2185 534 2223 P.
554 2184 712 2225 Lentuli
729 2184 906 2232 consulis,
932 2196 981 2225 ex
999 2183 1203 2236 superioris
1219 2181 1314 2222 anni
