1455 2343
252 75 331 113 238
495 78 558 116 IN
581 79 896 122 VATINIUM.
927 84 1031 125 CAP.
1056 89 1115 127 13.

254 181 321 219 tris
335 190 372 220 et
389 182 513 223 fratris
527 187 600 234 sui,
620 187 821 240 fratrisque
832 190 965 241 filiam,
982 205 1056 233 non
1068 195 1108 234 in
1123 197 1281 247 familia,
1294 202 1362 240 sed*

252 235 295 273 in
313 249 470 285 carcere,
490 240 686 279 collocatas
704 243 834 282 audire
851 247 1002 295 maluit,
1022 263 1138 300 quam
1158 251 1294 292 videre.

308 290 410 328 XII.
439 292 506 341 Et,
527 295 707 344 quoniam
725 299 903 347 pecunias
933 302 1093 342 aliorum
1119 305 1292 357 despicis,
1312 309 1360 348 de

254 343 330 381 tuis
349 344 488 384 divitiis
507 347 837 390 intolerantissime
863 355 1047 405 gloriaris,
1074 359 1159 397 volo
1184 361 1239 398 uti
1262 362 1358 401 mihi

253 398 494 448 respondeas,
514 401 692 441 fecerisne
715 403 852 443 foedera
871 409 1044 448 tribunus
1062 412 1183 462 plebis
1202 427 1290 452 cum
1308 417 1365 454 ci·

256 450 448 500 vitatibus,
470 467 558 492 cum
577 457 742 506 regibus,
773 471 862 497 cum
890 464 1117 504 tetrarchis?
1147 469 1359 519 erogarisne

253 506 432 554 pecunias
452 520 498 545 ex
518 509 646 547 aerario
670 511 745 548 tuis
774 512 921 563 legibus
935 518 952 553 Ρ
980 518 1207 568 eripuerisne
1234 530 1359 573 partes

253 556 320 595 illo
338 566 506 610 tempore
525 563 733 602 carissimas
762 567 901 616 partim
931 582 954 606 a
982 570 1144 620 Caesare,
1170 575 1309 625 partim
1338 592 1361 617 a

253 612 464 662 publicanis
480 617 496 652 Ρ
527 616 626 663 Quae
638 630 725 655 cum
740 618 793 656 ita
811 621 898 668 sint,
919 636 1047 674 quaero
1065 639 1112 664 ex
1131 633 1182 673 te,
1202 629 1299 668 sisne
1313 644 1360 671 ex

253 667 495 715 pauperrimo
514 669 616 708 dives
635 670 756 709 factus
775 673 840 712 illo
859 674 940 726 ipso
964 689 1077 726 anno,
1109 694 1185 731 quo
1203 682 1266 721 lex
1283 685 1362 724 lata

255 726 310 756 est
329 719 376 757 de
394 723 562 771 pecuniis
581 726 797 775 repetundis
815 730 1018 777 acerrima;
1049 740 1092 770 ut
1103 746 1233 774 omnes
1251 737 1369 777 intel-

254 771 370 822 ligere
387 784 551 824 possent,
572 791 595 814 a
609 786 645 816 te
659 791 735 817 non
749 781 863 820 modo
874 791 1002 822 nostra
1012 794 1108 833 acta,
1124 801 1219 839 quos
1233 798 1365 842 tyran-

255 837 324 863 nos
343 840 466 876 vocas,
497 830 560 867 sed
579 831 694 869 etiam
712 834 929 874 amicissimi
951 839 1008 876 tui
1034 840 1158 891 legem
1177 856 1256 882 esse
1275 859 1364 884 con-

255 886 438 918 temtam:
470 883 572 933 apud
591 898 706 936 quem
733 894 776 925 tu
804 890 918 928 etiam
947 904 1014 931 nos
1039 895 1229 935 criminari
1253 900 1369 950 soles,

255 933 323 983 qui
342 934 398 971 illi
417 948 548 975 sumus
573 939 803 989 amicissimi,
831 956 918 982 cum
937 952 980 983 tu
1005 948 1039 985 ei
1066 953 1366 992 contumeliosis-

256 986 350 1024 sime
368 989 476 1027 toties
490 992 705 1041 maledicas,
722 997 867 1046 quoties
881 998 938 1036 illi
948 1000 1100 1040 affinem
1115 1010 1152 1042 te
1167 1017 1244 1043 esse
1258 1006 1364 1047 dicis.

308 1041 443 1093 Atque
460 1043 558 1082 illud
586 1047 699 1085 etiam
719 1049 811 1088 scire
829 1064 876 1089 ex
895 1059 932 1090 te
950 1056 1074 1106 cupio,
1102 1070 1180 1108 quo
1209 1061 1364 1100 consilio

253 1101 322 1132 aut
340 1096 418 1146 qua
436 1109 563 1136 mente
581 1100 722 1147 feceris,
743 1111 799 1151 ut,
820 1105 860 1142 in
885 1107 997 1157 epulo
1016 1108 1066 1156 Q.
1082 1111 1203 1160 Arrii,
1223 1113 1367 1153 famili-

255 1148 328 1185 aris
342 1150 432 1198 mei,
449 1164 537 1189 cum
552 1154 640 1204 tog&⁴
654 1156 763 1205 pulla
773 1162 1011 1200 accumberes
1025 1165 1043 1201 Ρ
1064 1177 1179 1214 quem
1191 1179 1365 1219 unquam

255 1201 391 1240 videris
407 1206 422 1242 Ρ
453 1218 568 1255 quem
599 1209 760 1248 audieris
776 1213 793 1249 Ρ
822 1226 899 1263 quo
931 1219 1119 1268 exemplo,
1151 1233 1228 1271 quo
1260 1234 1366 1262 more

255 1255 411 1294 feceris?
451 1258 578 1307 Dices,
609 1263 899 1313 supplicationes
917 1275 954 1306 te
977 1269 1061 1308 illas
1079 1284 1155 1309 non
1174 1275 1370 1324 probasse,

257 1308 428 1358 Optime.
459 1313 591 1351 Nullae
609 1315 749 1354 fuerint
767 1321 1068 1370 supplicationes.
1099 1326 1280 1377 Videsne,
1300 1343 1364 1369 me

255 1362 352 1399 nihil
371 1363 417 1401 de
436 1366 525 1403 anni
544 1367 646 1406 illius
665 1372 792 1418 causa,
813 1373 910 1411 nihil
929 1375 976 1413 de
995 1390 1037 1415 eo
1056 1380 1159 1429 quod
1185 1381 1254 1419 tibi
1274 1395 1364 1423 cum

256 1417 417 1454 summis
436 1419 524 1456 viris
544 1433 746 1462 commune
761 1438 838 1463 esse
852 1427 1036 1477 videatur,
1054 1433 1117 1469 sed
1132 1434 1179 1471 de
1190 1435 1266 1473 tuis
1277 1450 1366 1488 pro-

256 1469 348 1519 priis
378 1472 592 1521 sceleribus,
624 1488 671 1513 ex
701 1484 738 1515 te
767 1492 934 1530 quaerere
948 1485 965 1517 ἶ)
995 1485 1118 1523 Nulla
1139 1489 1366 1539 supplicatio

255 1522 393 1561 fuerit:
425 1525 528 1574 cedo,
545 1529 629 1578 quis
644 1542 816 1582 unquam
829 1535 983 1574 coenarit
997 1545 1139 1578 atratus
1154 1543 1171 1579 Ρ
1199 1542 1252 1580 ita
1263 1544 1366 1583 enim

255 1575 353 1614 illud
373 1579 531 1628 epulum
544 1589 598 1619 est
617 1582 788 1634 funebre,
802 1594 845 1624 ut
856 1600 998 1629 munus
1010 1592 1057 1630 sit
1067 1592 1224 1645 funeris,
1244 1599 1367 1649 epulae

257 1630 414 1680 quidem
432 1632 536 1683 ipsae,
557 1635 763 1686 dignitatis.

311 1683 435 1723 XIII.
465 1688 540 1725 Sed
559 1690 693 1728 omitto
707 1694 865 1743 epulum
879 1699 1014 1748 populi
1029 1700 1211 1752 Romani,
1226 1704 1367 1746 festum

258 1736 375 1786 diem,
391 1748 560 1790 argento,
575 1751 689 1791 veste,
705 1747 810 1784 omni
824 1759 1009 1801 apparatu
1021 1762 1232 1808 ornatuque
1244 1759 1367 1798 visen-

258 1790 330 1828 do:
361 1793 446 1842 quis
466 1807 637 1846 unquam
655 1798 694 1835 in
712 1800 819 1839 luctu
838 1803 1056 1855 domestico,
1077 1809 1162 1859 quis
1179 1811 1218 1848 in
1237 1812 1372 1853 funere

257 1843 449 1893 familiari,
481 1850 639 1888 coenavit
668 1865 756 1891 cum
786 1857 876 1906 toga
905 1859 1011 1909 pulla
1025 1863 1042 1898 Ρ
1072 1863 1133 1900 cui
1158 1863 1205 1902 de
1226 1866 1371 1906 balneis

258 1899 426 1947 exeunti,
459 1910 595 1951 praeter
625 1912 674 1952 te,
706 1914 794 1958 toga
824 1911 933 1961 pulla
961 1925 1134 1965 unquam
1163 1917 1252 1956 data
1282 1928 1337 1959 est
1351 1923 1369 1959 ?

258 1950 361 1989 Cum
391 1960 448 1992 tot
478 1955 681 1996 hominum
710 1962 832 2001 millia
863 1969 1140 2019 accumberent,
1173 1980 1261 2010 cum
1289 1973 1370 2025 ipse

257 2005 362 2054 epuli
381 2006 572 2058 dominus,
594 2011 645 2059 Q.
665 2014 818 2063 Arrius,
840 2018 988 2058 albatus
1007 2030 1125 2069 esset3
1156 2031 1199 2062 tu
1217 2025 1257 2063 in
1272 2034 1369 2066 tem-

256 2058 366 2108 plum
393 2060 558 2101 Castoris
577 2071 627 2112 te,
655 2079 742 2105 cum
764 2069 808 2107 C.
830 2071 969 2111 Fidulo
988 2082 1121 2124 atrato,
1153 2079 1369 2133 caeterisque

256 2111 333 2149 tuis
353 2113 492 2166 Furiis,
520 2117 714 2158 funestum
733 2121 905 2163 intulisti.
947 2126 1047 2175 Quis
1065 2138 1149 2168 tum
1168 2144 1243 2171 non
1263 2134 1370 2186 inge-
