1425 2334
293 100 406 140 PRO
436 99 700 140 PLANCIO.
730 100 834 140 Cn.
855 102 918 138 28.
1087 103 1166 141 245

66 205 170 257 quod
186 218 257 257 ego
272 206 361 254 huc,
377 220 400 245 a
416 218 479 245 me
496 213 600 244 ortus
616 214 653 245 et
666 219 733 257 per
751 219 813 244 me
826 207 953 254 nixus,
966 207 1164 256 adscendig

64 259 170 297 istius
187 260 336 310 egregia
348 260 466 298 virtus
484 259 725 308 adjuvabitur
742 260 1067 300 commendatione
1083 273 1167 302 ma-

62 313 202 360 jorum.
231 313 319 360 Sed,
344 319 388 350 ut
412 312 562 351 redeam
585 312 634 350 ad
654 312 868 359 Plancium,
897 325 1096 365 nunquam
1118 328 1167 354 ex

69 365 174 404 Urbe
191 365 326 414 abfuit,
346 365 418 404 nisi
436 373 547 412 sorte,
560 366 657 416 lege,
676 366 902 404 necessitate.
937 367 1027 404 Non
1047 368 1167 407 valuit

64 419 176 456 rebus
192 419 341 464 iisdem,
360 419 500 470 quibus
517 419 675 457 fortasse
692 419 891 457 nonnulli:
921 427 960 456 at
974 421 1093 458 valuit
1105 435 1166 460 as-

63 471 263 516 siduitate;
294 472 412 510 valuit
428 471 668 510 observandis
686 471 843 516 amicis;
864 472 984 510 valuit
1000 473 1165 512 liberali-

64 531 165 569 tate;
185 524 286 562 fuit'
274 537 316 562 m
334 525 476 570 oculis3
497 525 654 575 petivit3
676 538 720 563 ea
731 532 786 563 est
799 538 889 563 usus
900 525 1055 573 ratione,
1071 528 1163 578 qua,

64 577 226 616 minima
235 577 392 639 invidia,
401 578 488 616 novi
498 578 670 616 homines
680 578 836 629 plurimi
848 578 997 617 eosdem
1009 579 1168 620 honores

65 632 252 668 consecuti
269 639 369 670 sunt.

117 683 326 722 XXVIII.
364 684 485 734 Nam,
514 684 617 737 quod
643 684 711 733 ais,
741 684 860 733 Cassi,
888 696 965 722 non
991 686 1079 736 plus
1105 698 1170 726 me

64 736 221 776 Plancio
237 737 386 784 debere,
405 752 522 789 quam
541 737 648 777 bonis
665 738 856 786 omnibus,
875 738 979 788 quod
996 739 1042 778 iis
1060 753 1168 791 aeque

62 802 149 828 mea
166 791 267 829 salus
285 803 371 829 cara
382 791 520 837 fuerit3
550 804 619 842 ego
636 803 699 830 me
712 791 846 829 debere
863 792 971 829 bonis
988 793 1166 832 omnibus

60 842 179 881 fateor
198 857 210 881 x
248 844 312 882 sed
337 844 450 882 etiam
474 846 529 892 hi,
556 844 695 895 quibus
730 857 799 894 ego
824 844 955 892 debeo,
982 846 1072 883 boni
1097 846 1168 886 viri

63 903 101 934 et
129 897 240 943 cives,
264 897 430 936 aediliciis
453 898 613 936 comitiis
633 897 778 948 aliquid
808 910 860 946 se,
883 910 968 936 meo
995 899 1164 948 nomine,

62 948 198 988 debere
216 950 372 988 Plancio
394 951 578 990 dicebant.
617 951 766 990 Verum
788 950 846 988 fac
864 963 927 988 me
951 952 1082 991 multis
1101 952 1167 991 de-

61 1003 161 1051 bere,
182 1010 219 1042 et
235 1004 276 1041 in
293 1003 339 1042 iis
358 1003 541 1042 Plancio:
575 1012 706 1042 utrum
731 1003 848 1054 igitur
865 1016 928 1042 me
945 1007 1168 1044 conturbare

61 1063 232 1106 oportet3
252 1069 301 1095 an
320 1058 473 1106 caeteris,
495 1071 583 1096 cum
602 1058 787 1108 cujusque
805 1056 884 1095 dies
903 1058 1069 1104 venerit;
1096 1059 1168 1098 hoc

61 1119 214 1158 nomen,
234 1110 337 1161 quod
361 1118 482 1162 urget,
508 1123 625 1159 nunc,
646 1123 734 1149 cum
760 1111 913 1161 petitur,
933 1110 1166 1151 dissolvere?

60 1161 310 1214 Quamquam
327 1163 517 1202 dissimilis
535 1172 590 1203 oet
607 1163 778 1214 pecuniae
790 1163 944 1210 debitio,
958 1171 995 1201 et
1012 1165 1164 1214 gratiaex

60 1227 166 1263 nam,
192 1216 259 1267 qui
283 1217 483 1267 pecuniam
512 1217 695 1265 dissolvit,
715 1216 843 1254 statim
867 1229 944 1254 non
971 1216 1086 1256 habet
1111 1218 1166 1266 id,

59 1269 162 1329 quod
172 1269 357 1308 reddidit.
381 1271 449 1322 qui
466 1278 595 1309 autem
613 1270 737 1318 debet,
749 1283 801 1308 aes
818 1270 951 1308 retinet
970 1270 1163 1309 alienum·

56 1322 219 1372 gratiam
237 1329 378 1370 autem,
394 1331 432 1362 et
449 1323 516 1375 qui
533 1323 659 1372 refert,
678 1324 816 1368 habet3
844 1330 881 1361 et
898 1323 966 1374 qui
983 1323 1167 1371 habet,in

58 1387 103 1413 eo
120 1375 216 1426 ipso,
236 1376 340 1428 quod
360 1377 488 1426 habet,
514 1377 637 1416 refert.
676 1377 815 1428 Neque
837 1389 906 1427 ego
928 1388 1030 1415 nunc
1048 1377 1166 1415 Plan-

58 1427 116 1466 cio
147 1428 316 1468 desinam
340 1429 491 1491 debere,
517 1430 549 1468 si
577 1431 648 1469 hoc
675 1430 848 1475 solver0;
877 1442 946 1468 nec
970 1429 1099 1469 minus
1129 1430 1166 1469 ei

58 1481 252 1521 redderem
270 1483 491 1522 voluntate
480 1483 576 1535 lpsa,
592 1483 625 1524 si
640 1483 712 1522 hoc
730 1483 912 1522 molestiae
924 1495 1001 1522 non
1012 1483 1167 1523 accidis·

61 1541 129 1572 set.

111 1587 263 1636 Quaeris
276 1602 300 1628 a
315 1602 392 1640 me,
408 1590 528 1639 Cassi,
541 1590 635 1642 quid
652 1601 723 1642 pro
739 1589 854 1628 fratre
871 1601 970 1638 meo,
983 1589 1052 1641 qui
1069 1589 1167 1629 mihi

58 1648 116 1679 est
133 1642 359 1691 carissimus,
372 1644 467 1695 quid
483 1657 552 1695 pro
566 1644 659 1682 meis
671 1642 812 1692 liberis,
829 1643 969 1694 quibus
987 1643 1085 1681 nihil
1098 1656 1168 1694 po-

61 1701 133 1732 test
149 1706 228 1733 esse
241 1696 460 1756 jucundius,
475 1698 653 1748 amplius,
668 1709 786 1748 quam
804 1709 873 1747 pro
884 1696 1041 1734 Plancio
1056 1696 1167 1756 facio,

57 1746 180 1785 facere
205 1748 372 1798 possim.
402 1763 471 1789 nec
494 1751 610 1798 vides,
632 1750 792 1789 istorum
816 1750 989 1801 ipsorum
1013 1749 1167 1789 caritate

59 1799 109 1838 ad
126 1800 242 1849 hujus
260 1802 420 1842 salutem
433 1803 706 1842 defendendam
720 1803 888 1841 maxime
902 1803 1088 1842 stimulari
1101 1815 1166 1842 me

58 1860 175 1905 atque
192 1854 357 1893 excitari.
395 1856 502 1895 Nam
519 1869 641 1908 neque
664 1856 739 1895 11115
757 1857 873 1905 hujus
891 1856 1024 1903 salute,
1046 1869 1070 1893 a
1088 1868 1166 1906 quo

57 1918 187 1946 meam
210 1908 333 1946 sciunt
350 1921 428 1948 esse
445 1909 650 1958 defensam,
670 1910 882 1970 quidquam
902 1916 957 1947 aet
974 1909 1163 1960 optatius:

59 1967 97 1997 et
114 1972 183 2010 ego
199 1960 280 2011 ipse
296 1973 494 2014 nunquam
511 1963 596 2002 illos
609 1963 787 2015 adspicio,
803 1963 896 2015 quin
910 1976 977 2014 per
990 1963 1093 1999 hunc
1103 1973 1167 2000 me

57 2011 119 2050 his
136 2022 396 2055 conservatum
415 2017 756 2066 essememinerim,
774 2017 966 2067 hujusque
984 2014 1108 2053 meriti
1126 2015 1167 2051 in

60 2077 124 2105 me
141 2067 321 2106 recorder.

112 2118 315 2171 Opimium
339 2122 563 2163 damnatum
585 2137 663 2163 esse
689 2135 975 2170 commemoras,
1005 2127 1167 2159 servato-

56 2184 138 2212 rem
166 2173 294 2226 ipsum
329 2176 568 2228 reipublicae:
609 2176 802 2217 Calidium
833 2174 1022 2226 adjungis,
1057 2174 1165 2223 cujus

771 2240 801 2267 Y
823 2231 847 2266 3
