<?xml version="1.0" encoding="UTF-8"?>
<!DOCTYPE html PUBLIC "-//W3C//DTD XHTML 1.0 Transitional//EN"
    "http://www.w3.org/TR/xhtml1/DTD/xhtml1-transitional.dtd">
<html xmlns="http://www.w3.org/1999/xhtml" xml:lang="en" lang="en">
 <head>
  <title>
</title>
<meta http-equiv="Content-Type" content="text/html;charset=utf-8" />
  <meta name='ocr-system' content='tesseract 3.04.00' />
  <meta name='ocr-capabilities' content='ocr_page ocr_carea ocr_par ocr_line ocrx_word'/>
</head>
<body>
  <div class='ocr_page' id='page_1' title='image "./operaern07ciceuoft_0122.png"; bbox 0 0 1435 2328; ppageno 0'>
   <div class='ocr_carea' id='block_1_1' title="bbox 214 58 1132 110">
    <p class='ocr_par' dir='ltr' id='par_1_1' title="bbox 214 58 1132 110">
     <span class='ocr_line' id='line_1_1' title="bbox 214 58 1132 110; baseline -0.003 0"><span class='ocrx_word' id='word_1_1' title='bbox 214 58 289 110; x_wconf 69' lang='lat'>&#39;108</span> <span class='ocrx_word' id='word_1_2' title='bbox 400 60 541 109; x_wconf 60' lang='grc'>15051</span> <span class='ocrx_word' id='word_1_3' title='bbox 571 64 843 109; x_wconf 76' lang='lat' dir='ltr'><strong>REDITUM</strong></span> <span class='ocrx_word' id='word_1_4' title='bbox 876 65 909 108; x_wconf 93' lang='lat'>1.</span> <span class='ocrx_word' id='word_1_5' title='bbox 941 68 1046 109; x_wconf 77' lang='lat' dir='ltr'>CAP.</span> <span class='ocrx_word' id='word_1_6' title='bbox 1071 66 1132 109; x_wconf 85' lang='lat'>15.</span> 
     </span>
    </p>
   </div>
   <div class='ocr_carea' id='block_1_2' title="bbox 177 175 1320 2215">
    <p class='ocr_par' dir='ltr' id='par_1_2' title="bbox 200 175 1320 710">
     <span class='ocr_line' id='line_1_2' title="bbox 205 175 1320 230; baseline 0 -14"><span class='ocrx_word' id='word_1_7' title='bbox 205 178 349 230; x_wconf 85' lang='grc'>3818111,</span> <span class='ocrx_word' id='word_1_8' title='bbox 368 178 486 229; x_wconf 88' lang='lat' dir='ltr'>quam</span> <span class='ocrx_word' id='word_1_9' title='bbox 506 176 755 215; x_wconf 85' lang='lat' dir='ltr'>desiderarem</span> <span class='ocrx_word' id='word_1_10' title='bbox 783 188 900 215; x_wconf 89' lang='lat' dir='ltr'>meas.</span> <span class='ocrx_word' id='word_1_11' title='bbox 940 177 1009 215; x_wconf 85' lang='lat' dir='ltr'>Sin</span> <span class='ocrx_word' id='word_1_12' title='bbox 1036 175 1242 228; x_wconf 86' lang='lat' dir='ltr'>aliquando</span> <span class='ocrx_word' id='word_1_13' title='bbox 1258 189 1320 216; x_wconf 90' lang='lat' dir='ltr'>re-·</span> 
     </span>
     <span class='ocr_line' id='line_1_3' title="bbox 207 230 1320 281; baseline -0.002 -10"><span class='ocrx_word' id='word_1_14' title='bbox 207 240 452 277; x_wconf 84' lang='lat' dir='ltr'>vocarentur;</span> <span class='ocrx_word' id='word_1_15' title='bbox 481 230 756 281; x_wconf 84' lang='lat' dir='ltr'>intelligebam,</span> <span class='ocrx_word' id='word_1_16' title='bbox 789 230 886 268; x_wconf 91' lang='lat' dir='ltr'>mihi</span> <span class='ocrx_word' id='word_1_17' title='bbox 916 243 1004 269; x_wconf 88' lang='lat' dir='ltr'>cum</span> <span class='ocrx_word' id='word_1_18' title='bbox 1031 230 1108 269; x_wconf 90' lang='lat' dir='ltr'>illis</span> <span class='ocrx_word' id='word_1_19' title='bbox 1132 230 1212 269; x_wconf 65' lang='lat' dir='ltr'>una</span> <span class='ocrx_word' id='word_1_20' title='bbox 1236 243 1320 269; x_wconf 88' lang='lat' dir='ltr'>esse</span> 
     </span>
     <span class='ocr_line' id='line_1_4' title="bbox 204 285 1320 324; baseline -0.001 -1"><span class='ocrx_word' id='word_1_21' title='bbox 204 285 454 324; x_wconf 86' lang='lat' dir='ltr'>redeundum.</span> <span class='ocrx_word' id='word_1_22' title='bbox 1318 314 1320 317; x_wconf 46' lang='lat'>&gt;</span> 
     </span>
     <span class='ocr_line' id='line_1_5' title="bbox 209 337 1315 388; baseline -0.001 -11"><span class='ocrx_word' id='word_1_23' title='bbox 209 350 213 352; x_wconf 82' lang='lat'>&#39;</span> <span class='ocrx_word' id='word_1_24' title='bbox 259 340 380 388; x_wconf 90' lang='lat' dir='ltr'>Cujus</span> <span class='ocrx_word' id='word_1_25' title='bbox 398 337 475 376; x_wconf 88' lang='lat' dir='ltr'>mei</span> <span class='ocrx_word' id='word_1_26' title='bbox 504 340 633 376; x_wconf 71' lang='grc'>58115115</span> <span class='ocrx_word' id='word_1_27' title='bbox 660 337 890 375; x_wconf 82' lang='lat' dir='ltr'>certissimus</span> <span class='ocrx_word' id='word_1_28' title='bbox 914 337 1018 376; x_wconf 86' lang='lat' dir='ltr'>testis</span> <span class='ocrx_word' id='word_1_29' title='bbox 1037 345 1093 376; x_wconf 91' lang='lat' dir='ltr'>est</span> <span class='ocrx_word' id='word_1_30' title='bbox 1110 337 1172 376; x_wconf 90' lang='lat' dir='ltr'>hic</span> <span class='ocrx_word' id='word_1_31' title='bbox 1196 337 1315 386; x_wconf 80' lang='lat' dir='ltr'>idem,</span> 
     </span>
     <span class='ocr_line' id='line_1_6' title="bbox 204 391 1318 445; baseline 0.001 -15"><span class='ocrx_word' id='word_1_32' title='bbox 204 407 240 445; x_wconf 93' lang='lat' dir='ltr'>q</span> <span class='ocrx_word' id='word_1_33' title='bbox 236 393 273 431; x_wconf 83' lang='grc'>11</span> <span class='ocrx_word' id='word_1_34' title='bbox 301 400 424 430; x_wconf 91' lang='lat' dir='ltr'>custos</span> <span class='ocrx_word' id='word_1_35' title='bbox 453 392 585 442; x_wconf 88' lang='lat' dir='ltr'>capitis</span> <span class='ocrx_word' id='word_1_36' title='bbox 606 391 694 437; x_wconf 87' lang='lat' dir='ltr'>fuit,</span> <span class='ocrx_word' id='word_1_37' title='bbox 715 392 786 429; x_wconf 88' lang='lat' dir='ltr'>Cn.</span> <span class='ocrx_word' id='word_1_38' title='bbox 808 391 1001 438; x_wconf 84' lang='lat' dir='ltr'>Plancius,</span> <span class='ocrx_word' id='word_1_39' title='bbox 1032 391 1112 442; x_wconf 85' lang='lat' dir='ltr'>qui,</span> <span class='ocrx_word' id='word_1_40' title='bbox 1135 392 1318 431; x_wconf 88' lang='lat' dir='ltr'>omnibus</span> 
     </span>
     <span class='ocr_line' id='line_1_7' title="bbox 202 445 1312 499; baseline -0.001 -14"><span class='ocrx_word' id='word_1_41' title='bbox 202 446 496 499; x_wconf 86' lang='lat' dir='ltr'>provincialibus</span> <span class='ocrx_word' id='word_1_42' title='bbox 533 445 761 483; x_wconf 82' lang='lat' dir='ltr'><strong>ornamentis</strong></span> <span class='ocrx_word' id='word_1_43' title='bbox 798 445 1082 496; x_wconf 87' lang='lat' dir='ltr'>commodisque</span> <span class='ocrx_word' id='word_1_44' title='bbox 1119 445 1312 496; x_wconf 89' lang='lat' dir='ltr'>depositis,</span> 
     </span>
     <span class='ocr_line' id='line_1_8' title="bbox 203 498 1315 550; baseline -0.002 -11"><span class='ocrx_word' id='word_1_45' title='bbox 203 508 323 539; x_wconf 87' lang='lat' dir='ltr'>totam</span> <span class='ocrx_word' id='word_1_46' title='bbox 342 512 449 538; x_wconf 87' lang='lat' dir='ltr'>suam</span> <span class='ocrx_word' id='word_1_47' title='bbox 465 506 696 550; x_wconf 86' lang='lat' dir='ltr'>quaesturam</span> <span class='ocrx_word' id='word_1_48' title='bbox 708 499 748 535; x_wconf 90' lang='lat' dir='ltr'>in</span> <span class='ocrx_word' id='word_1_49' title='bbox 766 511 829 536; x_wconf 88' lang='lat' dir='ltr'>me</span> <span class='ocrx_word' id='word_1_50' title='bbox 849 498 1096 536; x_wconf 86' lang='lat' dir='ltr'>sustentando</span> <span class='ocrx_word' id='word_1_51' title='bbox 1115 506 1152 537; x_wconf 90' lang='lat' dir='ltr'>et</span> <span class='ocrx_word' id='word_1_52' title='bbox 1166 511 1315 537; x_wconf 85' lang='lat' dir='ltr'>conser-</span> 
     </span>
     <span class='ocr_line' id='line_1_9' title="bbox 200 552 1313 603; baseline -0.001 -11"><span class='ocrx_word' id='word_1_53' title='bbox 200 555 324 593; x_wconf 72' lang='lat' dir='ltr'>vando</span> <span class='ocrx_word' id='word_1_54' title='bbox 354 552 571 591; x_wconf 86' lang='lat' dir='ltr'>collocavit:</span> <span class='ocrx_word' id='word_1_55' title='bbox 613 552 681 603; x_wconf 91' lang='lat' dir='ltr'>qui</span> <span class='ocrx_word' id='word_1_56' title='bbox 710 552 741 589; x_wconf 90' lang='lat' dir='ltr'>si</span> <span class='ocrx_word' id='word_1_57' title='bbox 770 552 866 589; x_wconf 88' lang='lat' dir='ltr'>mihi</span> <span class='ocrx_word' id='word_1_58' title='bbox 895 559 1059 603; x_wconf 87' lang='lat' dir='ltr'>quaestor</span> <span class='ocrx_word' id='word_1_59' title='bbox 1093 552 1313 603; x_wconf 84' lang='lat' dir='ltr'>imperatori</span> 
     </span>
     <span class='ocr_line' id='line_1_10' title="bbox 200 605 1314 657; baseline -0.002 -11"><span class='ocrx_word' id='word_1_60' title='bbox 200 609 346 653; x_wconf 81' lang='lat' dir='ltr'>fuisset,</span> <span class='ocrx_word' id='word_1_61' title='bbox 362 607 403 643; x_wconf 92' lang='lat' dir='ltr'>in</span> <span class='ocrx_word' id='word_1_62' title='bbox 422 606 490 643; x_wconf 88' lang='lat' dir='ltr'>filii</span> <span class='ocrx_word' id='word_1_63' title='bbox 508 606 591 643; x_wconf 91' lang='lat' dir='ltr'>loco</span> <span class='ocrx_word' id='word_1_64' title='bbox 608 605 767 643; x_wconf 89' lang='lat' dir='ltr'>fuisset.</span> <span class='ocrx_word' id='word_1_65' title='bbox 797 618 900 643; x_wconf 87' lang='lat' dir='ltr'>nunc</span> <span class='ocrx_word' id='word_1_66' title='bbox 914 613 1012 643; x_wconf 89' lang='lat' dir='ltr'>certe</span> <span class='ocrx_word' id='word_1_67' title='bbox 1031 606 1102 644; x_wconf 86' lang='lat' dir='ltr'>erit</span> <span class='ocrx_word' id='word_1_68' title='bbox 1118 606 1158 643; x_wconf 89' lang='lat' dir='ltr'>in</span> <span class='ocrx_word' id='word_1_69' title='bbox 1176 619 1314 657; x_wconf 88' lang='lat' dir='ltr'>paren-</span> 
     </span>
     <span class='ocr_line' id='line_1_11' title="bbox 200 659 1309 710; baseline -0.001 -11"><span class='ocrx_word' id='word_1_70' title='bbox 200 662 262 709; x_wconf 86' lang='lat' dir='ltr'>tis,</span> <span class='ocrx_word' id='word_1_71' title='bbox 280 674 369 699; x_wconf 88' lang='lat' dir='ltr'>cum</span> <span class='ocrx_word' id='word_1_72' title='bbox 387 660 502 697; x_wconf 87' lang='lat' dir='ltr'>fuerit</span> <span class='ocrx_word' id='word_1_73' title='bbox 520 666 695 710; x_wconf 84' lang='lat' dir='ltr'>quaestor,</span> <span class='ocrx_word' id='word_1_74' title='bbox 716 671 792 696; x_wconf 91' lang='lat' dir='ltr'>non</span> <span class='ocrx_word' id='word_1_75' title='bbox 811 659 975 709; x_wconf 87' lang='lat' dir='ltr'>imperii,</span> <span class='ocrx_word' id='word_1_76' title='bbox 989 659 1055 697; x_wconf 91' lang='lat' dir='ltr'>sed</span> <span class='ocrx_word' id='word_1_77' title='bbox 1069 659 1208 698; x_wconf 87' lang='lat' dir='ltr'>doloris</span> <span class='ocrx_word' id='word_1_78' title='bbox 1218 660 1309 698; x_wconf 88' lang='lat' dir='ltr'>mei.</span> 
     </span>
    </p>

    <p class='ocr_par' dir='ltr' id='par_1_3' title="bbox 194 712 1313 928">
     <span class='ocr_line' id='line_1_12' title="bbox 253 712 1313 765; baseline 0.001 -14"><span class='ocrx_word' id='word_1_79' title='bbox 253 715 512 765; x_wconf 82' lang='lat' dir='ltr'>Quapropter,</span> <span class='ocrx_word' id='word_1_80' title='bbox 545 720 671 763; x_wconf 88' lang='lat' dir='ltr'>patres</span> <span class='ocrx_word' id='word_1_81' title='bbox 702 712 913 763; x_wconf 62' lang='lat' dir='ltr'>conscripti,</span> <span class='ocrx_word' id='word_1_82' title='bbox 935 712 1116 763; x_wconf 88' lang='lat' dir='ltr'>quoniam</span> <span class='ocrx_word' id='word_1_83' title='bbox 1145 712 1185 750; x_wconf 88' lang='lat' dir='ltr'>in</span> <span class='ocrx_word' id='word_1_84' title='bbox 1210 727 1313 752; x_wconf 90' lang='lat' dir='ltr'>rem-</span> 
     </span>
     <span class='ocr_line' id='line_1_13' title="bbox 195 766 1311 821; baseline -0.001 -15"><span class='ocrx_word' id='word_1_85' title='bbox 195 768 390 821; x_wconf 83' lang='lat' dir='ltr'>publicam</span> <span class='ocrx_word' id='word_1_86' title='bbox 409 780 496 804; x_wconf 87' lang='lat' dir='ltr'>sum</span> <span class='ocrx_word' id='word_1_87' title='bbox 514 766 654 816; x_wconf 79' lang='lat' dir='ltr'>pariter</span> <span class='ocrx_word' id='word_1_88' title='bbox 672 779 759 803; x_wconf 92' lang='lat' dir='ltr'>cum</span> <span class='ocrx_word' id='word_1_89' title='bbox 778 766 973 816; x_wconf 86' lang='lat' dir='ltr'>republica</span> <span class='ocrx_word' id='word_1_90' title='bbox 983 766 1204 812; x_wconf 87' lang='lat' dir='ltr'>restitutus;</span> <span class='ocrx_word' id='word_1_91' title='bbox 1233 779 1311 806; x_wconf 88' lang='lat' dir='ltr'>non</span> 
     </span>
     <span class='ocr_line' id='line_1_14' title="bbox 194 819 1313 861; baseline 0 -1"><span class='ocrx_word' id='word_1_92' title='bbox 194 822 338 861; x_wconf 85' lang='lat' dir='ltr'>modo</span> <span class='ocrx_word' id='word_1_93' title='bbox 327 834 368 858; x_wconf 88' lang='lat' dir='ltr'>m</span> <span class='ocrx_word' id='word_1_94' title='bbox 386 834 430 858; x_wconf 84' lang='lat' dir='ltr'>ea</span> <span class='ocrx_word' id='word_1_95' title='bbox 443 819 679 857; x_wconf 88' lang='lat' dir='ltr'>defendenda</span> <span class='ocrx_word' id='word_1_96' title='bbox 690 820 786 857; x_wconf 88' lang='lat' dir='ltr'>nihil</span> <span class='ocrx_word' id='word_1_97' title='bbox 796 819 971 858; x_wconf 87' lang='lat' dir='ltr'>minuam</span> <span class='ocrx_word' id='word_1_98' title='bbox 982 819 1029 858; x_wconf 90' lang='lat' dir='ltr'>de</span> <span class='ocrx_word' id='word_1_99' title='bbox 1040 820 1213 859; x_wconf 87' lang='lat' dir='ltr'>libertate</span> <span class='ocrx_word' id='word_1_100' title='bbox 1222 822 1313 861; x_wconf 81' lang='lat' dir='ltr'>mea.</span> 
     </span>
     <span class='ocr_line' id='line_1_15' title="bbox 197 873 808 928; baseline -0.005 -15"><span class='ocrx_word' id='word_1_101' title='bbox 197 876 371 928; x_wconf 88' lang='lat' dir='ltr'>pristina,</span> <span class='ocrx_word' id='word_1_102' title='bbox 385 874 450 912; x_wconf 90' lang='lat' dir='ltr'>sed</span> <span class='ocrx_word' id='word_1_103' title='bbox 468 873 583 911; x_wconf 86' lang='lat' dir='ltr'>etiam</span> <span class='ocrx_word' id='word_1_104' title='bbox 601 873 808 924; x_wconf 87' lang='lat' dir='ltr'>adaugebo.</span> 
     </span>
    </p>

    <p class='ocr_par' dir='ltr' id='par_1_4' title="bbox 177 903 1311 2214">
     <span class='ocr_line' id='line_1_16' title="bbox 250 903 1310 975; baseline -0.001 -7"><span class='ocrx_word' id='word_1_105' title='bbox 250 930 344 968; x_wconf 90' lang='lat' dir='ltr'>XV.</span> <span class='ocrx_word' id='word_1_106' title='bbox 374 927 546 974; x_wconf 86' lang='lat' dir='ltr'>Etenim,</span> <span class='ocrx_word' id='word_1_107' title='bbox 567 927 598 964; x_wconf 87' lang='lat' dir='ltr'>si</span> <span class='ocrx_word' id='word_1_108' title='bbox 617 939 700 965; x_wconf 88' lang='lat' dir='ltr'>eam</span> <span class='ocrx_word' id='word_1_109' title='bbox 701 903 804 965; x_wconf 53' lang='lat' dir='ltr'>otum</span> <span class='ocrx_word' id='word_1_110' title='bbox 819 926 1083 975; x_wconf 82' lang='lat' dir='ltr'>defendebam,</span> <span class='ocrx_word' id='word_1_111' title='bbox 1104 941 1193 966; x_wconf 91' lang='lat' dir='ltr'>cum</span> <span class='ocrx_word' id='word_1_112' title='bbox 1211 928 1310 968; x_wconf 88' lang='lat' dir='ltr'>mihi</span> 
     </span>
     <span class='ocr_line' id='line_1_17' title="bbox 195 980 1308 1035; baseline 0 -14"><span class='ocrx_word' id='word_1_113' title='bbox 195 983 343 1035; x_wconf 84' lang='lat' dir='ltr'>aliquid</span> <span class='ocrx_word' id='word_1_114' title='bbox 360 982 427 1020; x_wconf 91' lang='lat' dir='ltr'>illa</span> <span class='ocrx_word' id='word_1_115' title='bbox 449 981 635 1026; x_wconf 86' lang='lat' dir='ltr'>debebat;</span> <span class='ocrx_word' id='word_1_116' title='bbox 665 980 759 1031; x_wconf 87' lang='lat' dir='ltr'>quid</span> <span class='ocrx_word' id='word_1_117' title='bbox 787 993 890 1018; x_wconf 88' lang='lat' dir='ltr'>nunc</span> <span class='ocrx_word' id='word_1_118' title='bbox 911 994 974 1019; x_wconf 92' lang='lat' dir='ltr'>me</span> <span class='ocrx_word' id='word_1_119' title='bbox 997 982 1118 1020; x_wconf 85' lang='lat' dir='ltr'>facere</span> <span class='ocrx_word' id='word_1_120' title='bbox 1146 989 1308 1034; x_wconf 82' lang='lat' dir='ltr'>oportet,</span> 
     </span>
     <span class='ocr_line' id='line_1_18' title="bbox 194 1010 1309 1088; baseline 0 -13"><span class='ocrx_word' id='word_1_121' title='bbox 194 1051 283 1075; x_wconf 88' lang='lat' dir='ltr'>cum</span> <span class='ocrx_word' id='word_1_122' title='bbox 303 1049 373 1088; x_wconf 84' lang='lat' dir='ltr'>ego</span> <span class='ocrx_word' id='word_1_123' title='bbox 391 1036 449 1073; x_wconf 89' lang='grc'>1111</span> <span class='ocrx_word' id='word_1_124' title='bbox 466 1010 678 1086; x_wconf 75' lang='grc'>111111111111111</span> <span class='ocrx_word' id='word_1_125' title='bbox 698 1034 847 1073; x_wconf 82' lang='lat' dir='ltr'>debeo?</span> <span class='ocrx_word' id='word_1_126' title='bbox 877 1035 983 1073; x_wconf 83' lang='grc' dir='ltr'>Ν3111</span> <span class='ocrx_word' id='word_1_127' title='bbox 1002 1035 1097 1086; x_wconf 90' lang='lat' dir='ltr'>quid</span> <span class='ocrx_word' id='word_1_128' title='bbox 1115 1043 1184 1084; x_wconf 89' lang='lat' dir='ltr'>est,</span> <span class='ocrx_word' id='word_1_129' title='bbox 1205 1037 1309 1088; x_wconf 90' lang='lat' dir='ltr'>quod</span> 
     </span>
     <span class='ocr_line' id='line_1_19' title="bbox 193 1088 1308 1140; baseline -0.001 -11"><span class='ocrx_word' id='word_1_130' title='bbox 193 1091 368 1129; x_wconf 84' lang='lat' dir='ltr'>animum</span> <span class='ocrx_word' id='word_1_131' title='bbox 392 1102 524 1126; x_wconf 89' lang='lat' dir='ltr'>meum</span> <span class='ocrx_word' id='word_1_132' title='bbox 542 1088 715 1138; x_wconf 81' lang='lat' dir='ltr'>frangere</span> <span class='ocrx_word' id='word_1_133' title='bbox 733 1095 800 1126; x_wconf 86' lang='lat' dir='ltr'>aut</span> <span class='ocrx_word' id='word_1_134' title='bbox 824 1088 1020 1127; x_wconf 85' lang='lat' dir='ltr'>debilitare</span> <span class='ocrx_word' id='word_1_135' title='bbox 1044 1089 1176 1140; x_wconf 88' lang='lat' dir='ltr'>possit,</span> <span class='ocrx_word' id='word_1_136' title='bbox 1197 1091 1308 1140; x_wconf 86' lang='lat' dir='ltr'>cujus</span> 
     </span>
     <span class='ocr_line' id='line_1_20' title="bbox 192 1142 1307 1196; baseline 0 -14"><span class='ocrx_word' id='word_1_137' title='bbox 192 1145 318 1196; x_wconf 86' lang='lat' dir='ltr'>ipsam</span> <span class='ocrx_word' id='word_1_138' title='bbox 351 1142 605 1181; x_wconf 78' lang='lat' dir='ltr'>calamitatem</span> <span class='ocrx_word' id='word_1_139' title='bbox 637 1153 714 1179; x_wconf 91' lang='lat' dir='ltr'>non</span> <span class='ocrx_word' id='word_1_140' title='bbox 743 1142 856 1179; x_wconf 90' lang='lat' dir='ltr'>modo</span> <span class='ocrx_word' id='word_1_141' title='bbox 888 1143 1032 1180; x_wconf 81' lang='lat' dir='ltr'>nullius</span> <span class='ocrx_word' id='word_1_142' title='bbox 1062 1143 1202 1192; x_wconf 88' lang='lat' dir='ltr'>delicti,</span> <span class='ocrx_word' id='word_1_143' title='bbox 1241 1144 1307 1182; x_wconf 90' lang='lat' dir='ltr'>sed</span> 
     </span>
     <span class='ocr_line' id='line_1_21' title="bbox 191 1195 1308 1245; baseline 0 -9"><span class='ocrx_word' id='word_1_144' title='bbox 191 1199 306 1236; x_wconf 86' lang='lat' dir='ltr'>etiam</span> <span class='ocrx_word' id='word_1_145' title='bbox 323 1196 412 1234; x_wconf 87' lang='lat' dir='ltr'>div</span> <span class='ocrx_word' id='word_1_146' title='bbox 389 1208 540 1234; x_wconf 84' lang='lat' dir='ltr'>morum</span> <span class='ocrx_word' id='word_1_147' title='bbox 572 1195 613 1232; x_wconf 87' lang='grc'>111</span> <span class='ocrx_word' id='word_1_148' title='bbox 634 1195 912 1245; x_wconf 83' lang='lat' dir='ltr'>rempublicam</span> <span class='ocrx_word' id='word_1_149' title='bbox 929 1196 1212 1244; x_wconf 84' lang='lat' dir='ltr'>beneficiorum,</span> <span class='ocrx_word' id='word_1_150' title='bbox 1231 1204 1308 1236; x_wconf 88' lang='lat' dir='ltr'>tes-</span> 
     </span>
     <span class='ocr_line' id='line_1_22' title="bbox 190 1248 1311 1300; baseline 0 -11"><span class='ocrx_word' id='word_1_151' title='bbox 190 1260 270 1289; x_wconf 86' lang='lat' dir='ltr'>tem</span> <span class='ocrx_word' id='word_1_152' title='bbox 290 1264 367 1289; x_wconf 89' lang='lat' dir='ltr'>esse</span> <span class='ocrx_word' id='word_1_153' title='bbox 386 1249 575 1287; x_wconf 78' lang='lat' dir='ltr'>videatis?</span> <span class='ocrx_word' id='word_1_154' title='bbox 605 1261 696 1286; x_wconf 87' lang='lat' dir='ltr'>nam</span> <span class='ocrx_word' id='word_1_155' title='bbox 711 1256 747 1286; x_wconf 87' lang='lat' dir='ltr'>et</span> <span class='ocrx_word' id='word_1_156' title='bbox 758 1248 963 1299; x_wconf 84' lang='lat' dir='ltr'>importata</span> <span class='ocrx_word' id='word_1_157' title='bbox 977 1256 1045 1297; x_wconf 90' lang='lat' dir='ltr'>est,</span> <span class='ocrx_word' id='word_1_158' title='bbox 1066 1250 1157 1300; x_wconf 90' lang='lat' dir='ltr'>quia</span> <span class='ocrx_word' id='word_1_159' title='bbox 1175 1251 1311 1289; x_wconf 85' lang='lat' dir='ltr'>defen--</span> 
     </span>
     <span class='ocr_line' id='line_1_23' title="bbox 189 1303 1303 1354; baseline 0 -12"><span class='ocrx_word' id='word_1_160' title='bbox 189 1305 321 1342; x_wconf 87' lang='lat' dir='ltr'>deram</span> <span class='ocrx_word' id='word_1_161' title='bbox 340 1303 553 1341; x_wconf 81' lang='lat' dir='ltr'>civitatem:</span> <span class='ocrx_word' id='word_1_162' title='bbox 585 1309 621 1340; x_wconf 92' lang='lat' dir='ltr'>et</span> <span class='ocrx_word' id='word_1_163' title='bbox 639 1315 727 1339; x_wconf 84' lang='grc'>11183</span> <span class='ocrx_word' id='word_1_164' title='bbox 745 1303 939 1340; x_wconf 85' lang='lat' dir='ltr'>voluntate</span> <span class='ocrx_word' id='word_1_165' title='bbox 957 1311 1132 1354; x_wconf 86' lang='lat' dir='ltr'>suscepta</span> <span class='ocrx_word' id='word_1_166' title='bbox 1150 1311 1220 1352; x_wconf 86' lang='lat' dir='ltr'>est,</span> <span class='ocrx_word' id='word_1_167' title='bbox 1239 1317 1303 1353; x_wconf 90' lang='lat' dir='ltr'>ne,</span> 
     </span>
     <span class='ocr_line' id='line_1_24' title="bbox 188 1356 1311 1407; baseline 0 -11"><span class='ocrx_word' id='word_1_168' title='bbox 188 1370 212 1396; x_wconf 90' lang='lat' dir='ltr'>a</span> <span class='ocrx_word' id='word_1_169' title='bbox 229 1371 293 1396; x_wconf 87' lang='lat' dir='ltr'>me</span> <span class='ocrx_word' id='word_1_170' title='bbox 311 1357 479 1405; x_wconf 85' lang='lat' dir='ltr'>defensa,</span> <span class='ocrx_word' id='word_1_171' title='bbox 493 1356 706 1407; x_wconf 84' lang='lat' dir='ltr'>respublica</span> <span class='ocrx_word' id='word_1_172' title='bbox 723 1368 792 1406; x_wconf 90' lang='lat' dir='ltr'>per</span> <span class='ocrx_word' id='word_1_173' title='bbox 810 1356 989 1393; x_wconf 88' lang='lat' dir='ltr'>eumdem</span> <span class='ocrx_word' id='word_1_174' title='bbox 1007 1369 1071 1394; x_wconf 89' lang='lat' dir='ltr'>me</span> <span class='ocrx_word' id='word_1_175' title='bbox 1086 1364 1311 1397; x_wconf 86' lang='lat' dir='ltr'>extremum·</span> 
     </span>
     <span class='ocr_line' id='line_1_25' title="bbox 188 1411 1308 1450; baseline -0.006 0"><span class='ocrx_word' id='word_1_176' title='bbox 188 1412 229 1450; x_wconf 85' lang='lat' dir='ltr'>in</span> <span class='ocrx_word' id='word_1_177' title='bbox 244 1411 445 1450; x_wconf 87' lang='lat' dir='ltr'>discrimen</span> <span class='ocrx_word' id='word_1_178' title='bbox 464 1417 671 1448; x_wconf 85' lang='lat' dir='ltr'>v.ocaretur</span> <span class='ocrx_word' id='word_1_179' title='bbox 1304 1443 1308 1448; x_wconf 73' lang='grc'>,</span> 
     </span>
     <span class='ocr_line' id='line_1_26' title="bbox 193 1463 1304 1515; baseline 0.001 -12"><span class='ocrx_word' id='word_1_180' title='bbox 193 1478 201 1480; x_wconf 59' lang='grc'><strong>“</strong></span> <span class='ocrx_word' id='word_1_181' title='bbox 241 1466 319 1503; x_wconf 91' lang='lat' dir='ltr'>Pro</span> <span class='ocrx_word' id='word_1_182' title='bbox 337 1478 413 1510; x_wconf 86' lang='lat' dir='ltr'>me,</span> <span class='ocrx_word' id='word_1_183' title='bbox 434 1476 524 1510; x_wconf 88' lang='lat' dir='ltr'>non,</span> <span class='ocrx_word' id='word_1_184' title='bbox 546 1471 589 1501; x_wconf 88' lang='lat' dir='ltr'>ut</span> <span class='ocrx_word' id='word_1_185' title='bbox 607 1477 675 1514; x_wconf 84' lang='lat' dir='ltr'>pro</span> <span class='ocrx_word' id='word_1_186' title='bbox 698 1464 744 1501; x_wconf 92' lang='lat' dir='ltr'>P.</span> <span class='ocrx_word' id='word_1_187' title='bbox 766 1463 946 1515; x_wconf 89' lang='lat' dir='ltr'>Popillio,</span> <span class='ocrx_word' id='word_1_188' title='bbox 971 1464 1207 1503; x_wconf 81' lang='lat' dir='ltr'>nobilissimo</span> <span class='ocrx_word' id='word_1_189' title='bbox 1231 1465 1304 1504; x_wconf 87' lang='lat' dir='ltr'>ho-</span> 
     </span>
     <span class='ocr_line' id='line_1_27' title="bbox 186 1517 1303 1569; baseline -0.002 -13"><span class='ocrx_word' id='word_1_190' title='bbox 186 1520 304 1566; x_wconf 89' lang='lat' dir='ltr'>mine,</span> <span class='ocrx_word' id='word_1_191' title='bbox 325 1518 577 1556; x_wconf 88' lang='lat' dir='ltr'>adolescentes</span> <span class='ocrx_word' id='word_1_192' title='bbox 595 1517 678 1565; x_wconf 90' lang='lat' dir='ltr'>filii,</span> <span class='ocrx_word' id='word_1_193' title='bbox 698 1529 774 1555; x_wconf 94' lang='lat' dir='ltr'>non</span> <span class='ocrx_word' id='word_1_194' title='bbox 793 1518 1095 1569; x_wconf 88' lang='lat' dir='ltr'>propinquorum</span> <span class='ocrx_word' id='word_1_195' title='bbox 1123 1519 1303 1558; x_wconf 86' lang='lat' dir='ltr'>multitu-</span> 
     </span>
     <span class='ocr_line' id='line_1_28' title="bbox 186 1572 1302 1625; baseline 0.002 -14"><span class='ocrx_word' id='word_1_196' title='bbox 186 1573 236 1611; x_wconf 92' lang='lat' dir='ltr'>do</span> <span class='ocrx_word' id='word_1_197' title='bbox 254 1573 444 1623; x_wconf 89' lang='lat' dir='ltr'>populum</span> <span class='ocrx_word' id='word_1_198' title='bbox 463 1572 684 1609; x_wconf 87' lang='lat' dir='ltr'>Romanum</span> <span class='ocrx_word' id='word_1_199' title='bbox 711 1578 766 1609; x_wconf 88' lang='lat' dir='ltr'>est</span> <span class='ocrx_word' id='word_1_200' title='bbox 787 1572 1008 1623; x_wconf 82' lang='lat' dir='ltr'>deprecata:</span> <span class='ocrx_word' id='word_1_201' title='bbox 1039 1585 1130 1620; x_wconf 89' lang='lat' dir='ltr'>non,</span> <span class='ocrx_word' id='word_1_202' title='bbox 1159 1580 1204 1611; x_wconf 88' lang='lat' dir='ltr'>ut</span> <span class='ocrx_word' id='word_1_203' title='bbox 1230 1587 1302 1625; x_wconf 91' lang='lat' dir='ltr'>pro</span> 
     </span>
     <span class='ocr_line' id='line_1_29' title="bbox 185 1624 1306 1677; baseline 0.002 -13"><span class='ocrx_word' id='word_1_204' title='bbox 185 1627 238 1675; x_wconf 88' lang='lat' dir='ltr'>Q.</span> <span class='ocrx_word' id='word_1_205' title='bbox 260 1626 436 1671; x_wconf 85' lang='lat' dir='ltr'>Metello,</span> <span class='ocrx_word' id='word_1_206' title='bbox 457 1637 609 1662; x_wconf 88' lang='lat' dir='ltr'>summo</span> <span class='ocrx_word' id='word_1_207' title='bbox 628 1632 665 1662; x_wconf 93' lang='lat' dir='ltr'>et</span> <span class='ocrx_word' id='word_1_208' title='bbox 683 1624 889 1663; x_wconf 89' lang='lat' dir='ltr'>clarissimo</span> <span class='ocrx_word' id='word_1_209' title='bbox 913 1625 1008 1674; x_wconf 87' lang='lat' dir='ltr'>viro,</span> <span class='ocrx_word' id='word_1_210' title='bbox 1034 1627 1202 1677; x_wconf 85' lang='lat' dir='ltr'>spectata</span> <span class='ocrx_word' id='word_1_211' title='bbox 1216 1629 1306 1676; x_wconf 87' lang='lat' dir='ltr'>jam-</span> 
     </span>
     <span class='ocr_line' id='line_1_30' title="bbox 182 1678 1298 1730; baseline 0 -11"><span class='ocrx_word' id='word_1_212' title='bbox 182 1679 435 1719; x_wconf 88' lang='lat' dir='ltr'>adolescentia</span> <span class='ocrx_word' id='word_1_213' title='bbox 453 1678 578 1716; x_wconf 87' lang='lat' dir='ltr'>filius:</span> <span class='ocrx_word' id='word_1_214' title='bbox 600 1691 676 1716; x_wconf 91' lang='lat' dir='ltr'>non</span> <span class='ocrx_word' id='word_1_215' title='bbox 696 1678 744 1717; x_wconf 83' lang='lat' dir='ltr'>L.</span> <span class='ocrx_word' id='word_1_216' title='bbox 766 1686 802 1717; x_wconf 89' lang='lat' dir='ltr'>et</span> <span class='ocrx_word' id='word_1_217' title='bbox 821 1679 866 1717; x_wconf 91' lang='lat' dir='ltr'>C.</span> <span class='ocrx_word' id='word_1_218' title='bbox 887 1679 1053 1727; x_wconf 89' lang='lat' dir='ltr'>Metelli,</span> <span class='ocrx_word' id='word_1_219' title='bbox 1067 1681 1298 1730; x_wconf 89' lang='lat' dir='ltr'>consulares,</span> 
     </span>
     <span class='ocr_line' id='line_1_31' title="bbox 182 1731 1299 1785; baseline 0.002 -13"><span class='ocrx_word' id='word_1_220' title='bbox 182 1747 261 1773; x_wconf 90' lang='lat' dir='ltr'>non</span> <span class='ocrx_word' id='word_1_221' title='bbox 281 1746 412 1771; x_wconf 85' lang='lat' dir='ltr'>eorum</span> <span class='ocrx_word' id='word_1_222' title='bbox 435 1731 558 1779; x_wconf 83' lang='lat' dir='ltr'>liberi,</span> <span class='ocrx_word' id='word_1_223' title='bbox 584 1745 661 1770; x_wconf 88' lang='lat' dir='ltr'>non</span> <span class='ocrx_word' id='word_1_224' title='bbox 681 1732 732 1780; x_wconf 87' lang='lat' dir='ltr'>Q.</span> <span class='ocrx_word' id='word_1_225' title='bbox 754 1733 939 1771; x_wconf 86' lang='lat' dir='ltr'>Metellus</span> <span class='ocrx_word' id='word_1_226' title='bbox 959 1733 1106 1784; x_wconf 91' lang='lat' dir='ltr'>Nepos,</span> <span class='ocrx_word' id='word_1_227' title='bbox 1127 1735 1194 1785; x_wconf 91' lang='lat' dir='ltr'>qui</span> <span class='ocrx_word' id='word_1_228' title='bbox 1212 1742 1299 1774; x_wconf 89' lang='lat' dir='ltr'>tum</span> 
     </span>
     <span class='ocr_line' id='line_1_32' title="bbox 183 1786 1296 1839; baseline 0 -13"><span class='ocrx_word' id='word_1_229' title='bbox 183 1787 423 1826; x_wconf 84' lang='lat' dir='ltr'>consulatum</span> <span class='ocrx_word' id='word_1_230' title='bbox 441 1787 606 1836; x_wconf 84' lang='lat' dir='ltr'>petebat,</span> <span class='ocrx_word' id='word_1_231' title='bbox 628 1799 704 1824; x_wconf 89' lang='lat' dir='ltr'>non</span> <span class='ocrx_word' id='word_1_232' title='bbox 718 1786 888 1833; x_wconf 87' lang='lat' dir='ltr'>Luculli,</span> <span class='ocrx_word' id='word_1_233' title='bbox 905 1787 1068 1836; x_wconf 83' lang='lat' dir='ltr'>Servilii,</span> <span class='ocrx_word' id='word_1_234' title='bbox 1088 1787 1296 1839; x_wconf 86' lang='lat' dir='ltr'>Scipiones,</span> 
     </span>
     <span class='ocr_line' id='line_1_33' title="bbox 185 1815 1298 1902; baseline 0.001 -23"><span class='ocrx_word' id='word_1_235' title='bbox 185 1841 434 1881; x_wconf 76' lang='lat' dir='ltr'>Metellorum</span> <span class='ocrx_word' id='word_1_236' title='bbox 453 1839 535 1886; x_wconf 85' lang='lat' dir='ltr'>filii,</span> <span class='ocrx_word' id='word_1_237' title='bbox 556 1839 689 1877; x_wconf 89' lang='lat' dir='ltr'>flentes</span> <span class='ocrx_word' id='word_1_238' title='bbox 709 1853 751 1878; x_wconf 89' lang='lat' dir='ltr'>ac</span> <span class='ocrx_word' id='word_1_239' title='bbox 770 1815 962 1888; x_wconf 81' lang='lat' dir='ltr'>sordidati,</span> <span class='ocrx_word' id='word_1_240' title='bbox 989 1842 1133 1902; x_wconf 78' lang='lat' dir='ltr'>populo</span> <span class='ocrx_word' id='word_1_241' title='bbox 1150 1842 1298 1880; x_wconf 87' lang='lat' dir='ltr'>Roma-</span> 
     </span>
     <span class='ocr_line' id='line_1_34' title="bbox 183 1893 1298 1947; baseline 0.001 -14"><span class='ocrx_word' id='word_1_242' title='bbox 183 1908 234 1934; x_wconf 92' lang='lat' dir='ltr'>no</span> <span class='ocrx_word' id='word_1_243' title='bbox 253 1893 586 1945; x_wconf 84' lang='lat' dir='ltr'>supplicaverunt:</span> <span class='ocrx_word' id='word_1_244' title='bbox 617 1893 682 1931; x_wconf 85' lang='lat' dir='ltr'>sed</span> <span class='ocrx_word' id='word_1_245' title='bbox 707 1906 808 1931; x_wconf 88' lang='lat' dir='ltr'>unus</span> <span class='ocrx_word' id='word_1_246' title='bbox 834 1894 950 1931; x_wconf 84' lang='lat' dir='ltr'>frater</span> <span class='ocrx_word' id='word_1_247' title='bbox 973 1894 1086 1946; x_wconf 87' lang='lat' dir='ltr'>(qui</span> <span class='ocrx_word' id='word_1_248' title='bbox 1075 1907 1115 1932; x_wconf 88' lang='lat' dir='ltr'>m</span> <span class='ocrx_word' id='word_1_249' title='bbox 1135 1907 1198 1933; x_wconf 90' lang='lat' dir='ltr'>me</span> <span class='ocrx_word' id='word_1_250' title='bbox 1216 1896 1298 1947; x_wconf 90' lang='lat' dir='ltr'>pie-</span> 
     </span>
     <span class='ocr_line' id='line_1_35' title="bbox 181 1946 1298 1998; baseline -0.004 -10"><span class='ocrx_word' id='word_1_251' title='bbox 181 1956 258 1988; x_wconf 80' lang='lat' dir='ltr'>tate</span> <span class='ocrx_word' id='word_1_252' title='bbox 277 1948 393 1995; x_wconf 82' lang='lat' dir='ltr'>filius,</span> <span class='ocrx_word' id='word_1_253' title='bbox 414 1946 576 1984; x_wconf 85' lang='grc'>8011511115</span> <span class='ocrx_word' id='word_1_254' title='bbox 595 1959 745 1997; x_wconf 85' lang='lat' dir='ltr'>parens,</span> <span class='ocrx_word' id='word_1_255' title='bbox 767 1960 907 1994; x_wconf 88' lang='lat' dir='ltr'>amore,</span> <span class='ocrx_word' id='word_1_256' title='bbox 924 1955 968 1985; x_wconf 93' lang='lat' dir='ltr'>ut</span> <span class='ocrx_word' id='word_1_257' title='bbox 982 1955 1074 1995; x_wconf 86' lang='lat' dir='ltr'>erat,</span> <span class='ocrx_word' id='word_1_258' title='bbox 1088 1948 1248 1998; x_wconf 89' lang='lat' dir='ltr'>frater,&#39;</span> <span class='ocrx_word' id='word_1_259' title='bbox 1237 1963 1298 1987; x_wconf 88' lang='lat'>111-</span> 
     </span>
     <span class='ocr_line' id='line_1_36' title="bbox 178 1977 1296 2054; baseline -0.001 -13"><span class='ocrx_word' id='word_1_260' title='bbox 178 2017 203 2041; x_wconf 88' lang='lat' dir='ltr'>v</span> <span class='ocrx_word' id='word_1_261' title='bbox 205 2011 313 2041; x_wconf 84' lang='lat' dir='ltr'>entus</span> <span class='ocrx_word' id='word_1_262' title='bbox 333 2008 406 2048; x_wconf 91' lang='lat' dir='ltr'>est)</span> <span class='ocrx_word' id='word_1_263' title='bbox 427 2001 600 2051; x_wconf 83' lang='lat' dir='ltr'>squalore</span> <span class='ocrx_word' id='word_1_264' title='bbox 616 2008 653 2038; x_wconf 87' lang='lat' dir='ltr'>et</span> <span class='ocrx_word' id='word_1_265' title='bbox 670 2000 862 2051; x_wconf 85' lang='lat' dir='ltr'>lacrymis,</span> <span class='ocrx_word' id='word_1_266' title='bbox 877 2009 914 2038; x_wconf 92' lang='lat' dir='ltr'>et</span> <span class='ocrx_word' id='word_1_267' title='bbox 925 1977 1156 2051; x_wconf 84' lang='lat' dir='ltr'>quotidianis</span> <span class='ocrx_word' id='word_1_268' title='bbox 1174 2003 1296 2054; x_wconf 87' lang='lat' dir='ltr'>preci-</span> 
     </span>
     <span class='ocr_line' id='line_1_37' title="bbox 179 2053 1297 2108; baseline 0 -13"><span class='ocrx_word' id='word_1_269' title='bbox 179 2059 266 2103; x_wconf 83' lang='lat' dir='ltr'>bus,</span> <span class='ocrx_word' id='word_1_270' title='bbox 284 2054 512 2093; x_wconf 81' lang='lat' dir='ltr'>desiderium</span> <span class='ocrx_word' id='word_1_271' title='bbox 530 2053 605 2091; x_wconf 90' lang='lat' dir='ltr'>mei</span> <span class='ocrx_word' id='word_1_272' title='bbox 625 2054 790 2092; x_wconf 86' lang='lat' dir='ltr'>nominis</span> <span class='ocrx_word' id='word_1_273' title='bbox 807 2055 992 2103; x_wconf 81' lang='lat' dir='ltr'>renovari,</span> <span class='ocrx_word' id='word_1_274' title='bbox 1009 2062 1047 2093; x_wconf 88' lang='lat' dir='ltr'>et</span> <span class='ocrx_word' id='word_1_275' title='bbox 1063 2069 1192 2093; x_wconf 86' lang='lat' dir='ltr'>rerum</span> <span class='ocrx_word' id='word_1_276' title='bbox 1210 2070 1297 2108; x_wconf 88' lang='lat' dir='ltr'>ges-</span> 
     </span>
     <span class='ocr_line' id='line_1_38' title="bbox 177 2107 1296 2159; baseline -0.001 -10"><span class='ocrx_word' id='word_1_277' title='bbox 177 2119 306 2149; x_wconf 78' lang='lat' dir='ltr'>tarum</span> <span class='ocrx_word' id='word_1_278' title='bbox 321 2108 546 2146; x_wconf 75' lang='lat' dir='ltr'>memoriam</span> <span class='ocrx_word' id='word_1_279' title='bbox 565 2107 754 2159; x_wconf 78' lang='lat' dir='ltr'>usurpari,</span> <span class='ocrx_word' id='word_1_280' title='bbox 771 2108 904 2159; x_wconf 67' lang='lat' dir='ltr'>coegit.</span> <span class='ocrx_word' id='word_1_281' title='bbox 935 2108 1017 2156; x_wconf 84' lang='lat' dir='ltr'>Qui</span> <span class='ocrx_word' id='word_1_282' title='bbox 1036 2121 1125 2148; x_wconf 90' lang='lat' dir='ltr'>cum</span> <span class='ocrx_word' id='word_1_283' title='bbox 1144 2110 1296 2148; x_wconf 82' lang='lat' dir='ltr'>statuis·</span> 
     </span>
     <span class='ocr_line' id='line_1_39' title="bbox 177 2162 1304 2215; baseline -0.003 -12"><span class='ocrx_word' id='word_1_284' title='bbox 177 2172 246 2213; x_wconf 76' lang='lat' dir='ltr'>set,</span> <span class='ocrx_word' id='word_1_285' title='bbox 260 2162 332 2201; x_wconf 75' lang='lat' dir='ltr'>nisi</span> <span class='ocrx_word' id='word_1_286' title='bbox 353 2175 419 2214; x_wconf 84' lang='lat' dir='ltr'>per</span> <span class='ocrx_word' id='word_1_287' title='bbox 435 2175 501 2200; x_wconf 58' lang='lat' dir='ltr'>ios</span> <span class='ocrx_word' id='word_1_288' title='bbox 519 2174 591 2200; x_wconf 88' lang='lat' dir='ltr'>me</span> <span class='ocrx_word' id='word_1_289' title='bbox 595 2162 865 2212; x_wconf 79' lang='lat' dir='ltr'>recuperasset,</span> <span class='ocrx_word' id='word_1_290' title='bbox 886 2162 1062 2215; x_wconf 80' lang='lat' dir='ltr'>eamdem</span> <span class='ocrx_word' id='word_1_291' title='bbox 1074 2162 1200 2203; x_wconf 87' lang='lat' dir='ltr'>subire</span> <span class='ocrx_word' id='word_1_292' title='bbox 1217 2163 1304 2210; x_wconf 57' lang='lat' dir='ltr'>for-v·</span> 
     </span>
    </p>
   </div>
  </div>
 </body>
</html>
