1455 2343
220 78 296 116 150
433 75 545 113 PRO
576 74 745 113 DOMO
775 75 895 113 SUA.
926 75 1030 114 CAP.
1052 77 1116 113 24.

225 189 401 235 putaret;
430 195 518 221 cum
538 184 618 232 ejus
636 195 787 232 moeror,
808 183 959 234 squalor
976 181 1206 222 incredibilis
1224 180 1338 221 etin-

227 236 393 285 auditus,
414 236 590 275 omnibus
619 236 842 275 mortalibus
868 236 1092 275 miserabilis
1120 236 1338 282 videretur;

232 290 378 343 quoties
397 303 445 327 ex
461 297 584 329 vestro
602 289 699 329 ferro
719 303 762 329 ac
778 291 957 329 manibus
976 298 1031 329 est
1049 291 1198 342 elapsus
1213 292 1232 328 ἶ)

287 343 361 382 Sed
376 343 469 395 quid
483 357 552 395 ego
569 351 731 382 vestram
743 344 1004 383 crudelitatem
1016 356 1213 395 expromo,
1225 356 1343 395 quam

232 397 419 449 inipsum
447 411 510 435 me
535 410 578 435 ac
606 411 710 436 meos
742 398 965 437 adhibuistis
981 400 999 436 ’ἓ
1029 397 1096 448 qui
1121 397 1343 448 parietibus,

235 451 304 502 qui
321 452 440 499 tectis,
461 451 529 502 qui
543 451 730 490 colunmis
748 465 791 490 ac
808 452 979 503 postibus
996 451 1104 497 meis,
1124 450 1345 488 horrificum

236 504 431 556 quoddam
450 512 487 543 et
504 504 706 552 nefarium,
735 506 842 543 omni
868 506 1063 543 imbutum
1080 504 1180 551 odio,
1200 504 1348 542 bellum

237 558 429 596 intulistis.
470 559 562 596 Non
581 558 683 596 enim
705 566 741 596 te
766 559 938 605 arbitror,
972 571 1075 605 cum,
1105 564 1191 608 post
1217 570 1349 595 meum

239 611 458 659 discessum,
491 611 665 649 omnium
688 612 936 662 locupletium
964 611 1149 658 fortunas,
1175 610 1349 648 omnium

240 665 520 716 provinciarum
541 664 700 711 fructus,
720 665 994 702 tetrarcharum
1013 677 1056 702 ac
1074 676 1207 714 regum
1233 666 1347 711 bona,

240 732 308 769 spe
326 725 363 755 et
376 718 533 756 avaritia
547 718 776 766 devorasseS,
789 718 934 769 argenti
949 725 986 755 et
997 717 1237 768 supellectilis
1254 730 1351 756 meae

241 771 446 823 cupiditate
467 784 545 809 esse
563 779 756 810 caecatum.
786 773 878 809 Non
898 771 1084 819 existimo,
1106 770 1350 822 Campanum

241 825 354 862 illum
384 826 577 864 consulem
607 838 696 863 cum
726 825 902 863 saltatore
931 825 1088 875 collega,
1122 837 1212 863 cum
1243 823 1351 862 alteri

244 886 363 916 totam
394 878 599 927 Achaiam,
627 878 880 925 Thessaliam,
911 878 1113 925 Boeotiam,
1149 878 1352 926 Graeciam,

243 932 528 980 Macedoniam,
563 944 791 983 omnemque
820 932 1048 979 barbariam,
1077 933 1179 970 bona
1212 931 1353 969 civium

244 985 509 1024 Romanorum
522 985 768 1024 condonasses
778 1000 789 1031 ;
806 986 912 1024 alteri
922 986 1086 1037 Syriam,
1096 985 1352 1036 Babylonem,

246 1039 394 1086 Persas,
414 1039 673 1090 integerrimas
690 1039 1024 1090 pacatissimasque
1042 1046 1185 1089 gentes,
1200 1038 1248 1076 ad
1262 1038 1354 1075 diri-

245 1092 430 1144 piendum
442 1093 654 1130 tradidisses
670 1107 681 1138 3
702 1093 786 1130 illos
798 1100 877 1130 tam
890 1093 1044 1144 cupidos
1057 1092 1237 1130 liminum
1248 1104 1353 1130 meo-

244 1159 333 1184 rum
352 1154 388 1184 et
407 1147 670 1184 columnarum
683 1154 719 1184 et
732 1147 928 1184 valvarum
941 1146 1068 1184 fuisse.
1089 1146 1229 1197 Neque
1242 1158 1354 1196 porro

244 1199 312 1237 illa
329 1212 467 1237 manus
486 1200 677 1251 copiaeque
695 1200 869 1237 Cafflinae
888 1199 1078 1237 caementis
1097 1212 1140 1236 ac
1157 1199 1260 1237 testis
1280 1206 1354 1236 tec-

246 1260 372 1290 torum
384 1266 557 1291 meorum
566 1266 605 1290 se
616 1253 758 1290 famem
769 1266 877 1290 suam
887 1254 1100 1304 expleturas
1110 1259 1352 1303 putaverunt.

246 1306 336 1353 Sed,
358 1314 401 1344 ut
415 1307 582 1344 hostium
601 1308 726 1353 urbes,
743 1319 811 1344 nec
828 1307 1002 1344 omnium
1019 1306 1202 1353 hostium,
1222 1318 1356 1343 verum

247 1372 379 1397 eorum
398 1360 624 1410 quibuscum
644 1361 821 1397 acerbum
840 1360 985 1397 bellum
1015 1359 1353 1410 [intestinumque]

247 1413 494 1463 suscepimus,
523 1426 601 1451 non
629 1413 758 1464 praeda
779 1413 946 1460 adducti,
977 1413 1041 1451 sed
1071 1413 1170 1461 odio,
1191 1413 1357 1451 solemus

248 1466 443 1512 excidere3
465 1467 581 1517 quod,
602 1466 641 1503 in
661 1480 755 1517 quos
773 1475 926 1518 propter
944 1479 1075 1504 eorum
1094 1466 1355 1505 crudelitatem

247 1519 494 1558 inflammatae
533 1528 678 1558 mentes
713 1527 851 1558 nostrae
887 1520 1054 1568 fuerunt,
1093 1533 1181 1558 cum
1216 1519 1356 1558 horum

248 1573 364 1610 etiam
396 1574 501 1611 tectis
531 1586 574 1611 ac
602 1573 753 1612 sedibus
785 1573 944 1612 residere
973 1574 1178 1625 aliquando
1208 1573 1354 1612 bellum

248 1639 395 1678 semper
413 1627 562 1665 videtur
590 1626 612 1647 ἕ
645 1627 664 1648 '²⁵
697 1627 719 1648 ³⁵

631 1718 749 1755 Deest
776 1717 963 1755 nonnihil.

301 1789 462 1829 XXIV.
492 1791 603 1829 Nihil
621 1799 699 1829 erat
711 1792 833 1829 latum
852 1792 898 1830 de
916 1805 1004 1838 meg
1025 1804 1102 1830 non
1114 1790 1240 1830 adesse
1252 1804 1355 1830 eram

242 1844 395 1892 jussus;
425 1856 501 1882 non
516 1844 661 1882 citatus.
690 1845 930 1883 Abfueram:
952 1858 1069 1891 eram,
1084 1845 1199 1884 etiam
1217 1852 1284 1883 tuo
1292 1846 1357 1893 ju-

244 1896 357 1944 dicio,
379 1898 468 1936 civis
485 1898 700 1945 incolumis,
717 1911 806 1937 cum
825 1898 962 1937 domus
981 1899 1021 1936 in
1037 1899 1198 1947 Palatio,
1215 1898 1356 1937 vfflain

245 1950 480 1999 Tusculano,
501 1952 617 1990 altera
645 1952 694 1989 ad
726 1954 889 1990 alterum
921 1953 1128 1999 consulem,
1157 1952 1356 1990 transfere-

243 2005 379 2042 batur:
426 2004 619 2054 [senatum
652 2007 822 2044 consules
850 2006 871 2026 ³⁸
903 2008 1080 2044 vetabant
1093 2007 1127 2057 :]
1166 2006 1355 2043 columnae

243 2069 464 2096 marmoreae
482 2072 529 2096 ex
549 2059 691 2097 aedjbus
709 2060 818 2106 meis,
838 2059 1071 2111 inspectante
1099 2060 1243 2110 populo
1273 2059 1354 2097 Ro-

239 2122 369 2158 mano,
378 2112 427 2150 ad
435 2125 582 2151 socrum
596 2114 759 2151 consulis
770 2115 1038 2164 portabantur:
1051 2113 1092 2152 in
1106 2113 1273 2152 fundum
1283 2125 1352 2150 au-

238 2171 316 2206 tem
339 2165 451 2206 vicini
473 2166 635 2207 consulis
653 2179 728 2208 non
747 2167 861 2208 modo
882 2167 1178 2209 instrumentum
1201 2173 1268 2206 aut
1290 2178 1351 2204 or-
