1435 2328
151 84 205 121 32
414 85 528 125 PRO
557 87 794 128 FLACCO.
824 90 930 130 CAP.
949 91 1015 129 32.

167 190 342 251 tubuni?
373 205 439 231 cur
463 201 593 233 autem
616 205 755 246 praetor
779 205 830 247 te,
851 198 1053 236 inimicum
1073 204 1302 250 paternum,

169 256 211 303 in
237 246 439 285 consilium
458 249 632 287 vocavit?
661 264 749 302 quae
775 252 934 303 quidem
952 265 1071 304 quam
1090 259 1217 291 sancte
1235 263 1297 289 so-

171 298 242 335 hta
260 300 336 337 sint
353 302 560 349 observari,
581 303 682 342 scitis
701 317 845 344 omnes.

229 352 271 390 N
274 366 349 392 unc
368 367 590 394 accusamur
608 359 656 395 ab
675 359 735 404 iis,
763 360 832 410 qui
850 360 890 397 in
909 359 1065 398 consilio
1083 358 1193 398 nobis
1210 357 1298 397 fue-

177 413 280 467 runt.
310 408 489 447 Decrevit
503 410 674 449 Flaccus.
705 413 816 451 Num
832 414 951 461 aliud,
970 423 1085 465 atque
1098 411 1295 464 oportuit?

176 460 228 497 In
242 460 390 500 hberos.
431 464 541 500 Num
560 465 681 513 aliter,
703 479 745 504 ac
765 468 908 505 censuit
928 470 1110 506 senatus?
1142 468 1190 505 In
1210 467 1298 504 abs-

178 522 306 558 entem
325 515 499 554 decrevit.
531 518 632 556 Cum
651 519 793 558 ibidem
814 534 923 569 esses,
944 534 1033 560 cum
1051 520 1202 574 prodire
1215 519 1301 558 nol-

176 566 256 607 les:
286 581 364 608 non
384 578 439 609 est
456 571 528 609 hoc
553 572 592 609 in
616 575 811 612 absentem
829 588 952 612 reum.

288 657 722 711 (Senatz‘l-s-conszcltum,
750 666 786 700 et
811 663 1004 700 decretum
1022 663 1189 710 Flacci.)

193 767 198 770 .
235 730 358 779 Quid,
380 733 411 770 si
436 746 513 770 non
536 734 772 784 decrevisset,
793 736 858 774 sed
877 736 1080 774 edixisset?
1110 735 1196 787 quis
1214 747 1303 787 pos-

180 793 236 823 set
255 799 340 823 vere
358 788 660 838 reprehendere?
701 790 813 827 Num
839 790 954 827 etiam
973 789 1099 827 fratris
1122 789 1199 827 mei
1217 790 1305 828 lite-

182 851 257 886 ras,
278 840 516 891 plenissimas
544 841 793 881 humanitatis
816 851 852 881 et
876 843 1080 894 aequitatis,
1100 843 1304 894 reprehen-

183 905 294 931 surus
319 897 391 933 es?
431 908 526 946 quas
557 896 722 945 easdem,
742 898 896 935 mulieri
918 911 941 935 a
963 910 1027 935 me
1051 897 1173 944 datas,
1199 895 1305 948 apud

183 946 392 987 Pataranos
411 949 618 1001 requisivit.
647 951 783 989 Recita
800 951 928 989 literas
947 951 998 999 Q.
1020 950 1225 990 Ciceronis.

502 1040 669 1083 (Literoe
693 1040 738 1085 Q.
763 1033 993 1088 Ciceronis.)

241 1112 352 1161 Quid
367 1115 385 1152 Ρ
424 1113 506 1151 haec
530 1113 863 1165 Apollonidenses,
895 1112 1088 1151 occasione
1115 1111 1230 1159 facta,
1257 1111 1308 1151 ad

186 1168 370 1207 Flaccum
390 1167 609 1205 detulerunt
625 1170 641 1206 ?
671 1167 795 1218 Apud
813 1167 981 1205 Orbium
997 1174 1080 1204 acta
1093 1178 1169 1204 non
1185 1173 1275 1204 sunt
1288 1168 1306 1205 ?

187 1223 237 1261 ad
250 1222 465 1260 Globulum
477 1221 603 1259 delata
617 1233 692 1258 non
705 1229 794 1258 sunt
808 1223 824 1258 ’ἓ
849 1221 917 1258 Ad
932 1227 1105 1257 senatum
1117 1227 1306 1268 nostrum,

187 1289 252 1315 me
271 1276 437 1323 consule,
457 1287 583 1313 nonne
605 1275 720 1325 legati
738 1274 1058 1325 Apollonidenses
1072 1273 1202 1311 omnia
1219 1286 1309 1324 pos-

188 1331 312 1369 tulata
330 1330 377 1367 de
399 1329 547 1377 injuriis
566 1329 680 1366 unius
700 1327 861 1366 Deciani
872 1327 1120 1366 detulerunt?
1149 1328 1209 1366 At
1227 1327 1310 1366 haec

188 1384 332 1436 praedia
351 1383 466 1421 etiam
483 1382 524 1419 in
543 1395 656 1420 censu
676 1382 905 1420 dedicavisti.
935 1381 1069 1428 Mitto,
1091 1381 1194 1433 quod
1217 1379 1310 1420 alst-

188 1451 263 1476 na:
288 1437 414 1483 mitto,
435 1436 538 1487 quod
556 1448 724 1486 possessa
742 1449 809 1486 per
822 1435 901 1473 vim
917 1450 927 1472 ι
957 1435 1083 1482 mitto,
1097 1434 1200 1486 quod
1220 1447 1310 1473 con-

191 1492 291 1531 victa
305 1493 353 1529 ab
371 1490 737 1541 Apollonidensibus
753 1503 765 1535 3
794 1489 920 1537 mitto,
941 1489 1045 1540 quod
1063 1502 1086 1526 a
1105 1489 1311 1539 Pergame-

191 1546 252 1584 nis
270 1544 491 1596 repudiata:
522 1544 632 1581 mitto
652 1543 780 1590 etiam,
801 1543 906 1594 quod
923 1556 946 1580 a
963 1543 1100 1580 nostris
1110 1543 1312 1593 magistra-

193 1600 296 1638 tibus
314 1600 355 1636 in
373 1599 566 1648 integrum
585 1597 778 1635 restituta:
809 1597 934 1645 mitto,
956 1596 1060 1647 quod
1085 1596 1193 1634 nullo
1208 1597 1309 1645 jure,

193 1666 318 1705 neque
335 1653 376 1690 in
387 1666 441 1699 re,
462 1664 586 1702 neque
604 1651 643 1688 in
657 1650 901 1702 possessione,
923 1657 1001 1687 tua.
1041 1650 1148 1687 Illud
1167 1662 1310 1700 quaero,

193 1708 317 1746 sintne
331 1707 402 1744 ista
413 1705 556 1757 praedia
568 1705 696 1743 censui
707 1704 892 1742 censendo
902 1718 911 1741 :
926 1704 1091 1741 habeant
1102 1705 1166 1752 jus
1177 1703 1286 1741 civile
1299 1717 1312 1741 z

194 1762 284 1808 sint,
305 1773 422 1798 necne
441 1760 530 1807 sint,
543 1759 735 1809 mancipi:
767 1757 979 1808 subsignari
998 1757 1101 1808 apud
1120 1758 1312 1804 aerarium,

194 1815 299 1866 apud
323 1826 529 1859 censorem,
560 1812 730 1863 possint:
761 1812 801 1849 in
827 1813 905 1862 qua
930 1811 1032 1849 tribu
1058 1811 1223 1862 denique
1240 1810 1314 1848 ista

193 1869 337 1920 praedia
355 1866 531 1906 censuisti
546 1869 562 1904 ?
590 1865 838 1912 Commisisti,
855 1865 886 1902 si
896 1872 1048 1916 tempus
1060 1864 1215 1915 aliquod
1226 1877 1314 1915 gra-

193 1923 280 1961 vius
299 1921 504 1967 accidisset,
525 1928 568 1957 ut
587 1932 633 1957 ex
652 1919 786 1958 iisdem
804 1919 955 1970 praediis
974 1926 1010 1956 et
1022 1918 1257 1970 Apollonide
1276 1925 1315 1956 et

195 1976 335 2015 Romae
348 1976 579 2025 imperatum
594 1982 688 2011 esset
706 1973 906 2011 tributum.
936 1973 1086 2010 Verum
1104 1978 1206 2010 esto:
1231 1971 1316 2023 glo-

195 2030 317 2068 riosus
335 2029 464 2066 fuisti:
497 2027 650 2065 voluisti
671 2040 858 2077 magnum
877 2026 958 2077 agri
976 2026 1136 2064 modum
1155 2025 1312 2073 censeri,

196 2092 234 2130 et
255 2085 337 2133 ejus
361 2082 457 2134 agri,
479 2082 547 2133 qui
566 2081 685 2118 dividi
704 2081 808 2132 plebi
827 2081 1016 2118 Romanae
1034 2091 1112 2117 non
1134 2078 1312 2130 [potest]

253 2137 399 2175 Census
417 2148 456 2174 es
473 2141 654 2186 praeterea
671 2141 880 2173 numeratae
897 2133 1068 2184 pecuniae
1079 2141 1233 2171 centum
1247 2131 1316 2170 tri-

191 2193 299 2245 ginta
327 2192 399 2231 HS
422 2189 555 2229 millia.
600 2188 703 2228 Eam
727 2188 862 2241 opinor
885 2187 956 2227 tibi
977 2193 1217 2226 numeratam
1237 2197 1315 2224 non
