1425 2334
341 78 454 117 PRO
484 75 715 115 FLACCO.
746 76 850 115 CAP.
870 77 935 117 38.
1137 82 1191 126 37

85 193 188 225 certe
203 185 327 223 multo
344 183 464 235 pluris
475 191 592 222 esset:
620 183 686 221 dat
696 182 743 221 de
755 183 861 222 lucro
878 198 888 221 ε
917 183 1014 222 nihil
1027 185 1191 226 detrahit

86 239 138 276 de
155 239 251 277 vivo.
282 237 416 276 Minus
433 237 549 288 igitur
566 236 661 274 lucri
680 236 779 274 facit.
811 236 890 274 Cur
907 237 1107 276 Albanum
1127 253 1189 278 ve-

88 292 168 329 nire
183 293 322 340 jubet?
351 304 417 329 cur
435 290 548 328 matri
565 297 743 340 praeterea
756 290 978 328 blanditur?
1008 304 1087 339 cur,
1112 293 1190 344 epi.

84 345 206 391 stolis,
227 352 263 382 et
282 344 414 382 sororis
436 351 473 381 et
486 343 616 380 matris
631 343 925 380 imbecillitatem
944 353 1158 395 aucupatur
1172 350 1190 386 Ρ

87 405 275 448 postremo
287 411 353 435 cur
366 409 441 434 non
461 396 636 434 audimus
647 396 772 446 ipsum
788 398 804 433 Ρ
834 396 1033 434 Retineeur
1049 399 1190 448 (credo)

87 451 128 488 in
147 451 362 502 provincia:
393 457 513 487 mater
531 457 666 500 negat:
698 449 868 496 venisset,
889 450 1026 501 inquit,
1047 451 1078 488 si
1096 461 1192 491 esset

83 504 364 542 denuntiatum.
393 503 458 540 Tu
471 510 567 540 certe
579 503 772 552 coegisses,
790 502 820 540 si
839 503 963 540 ullum
976 504 1193 543 firmamen-

86 564 172 595 tum
191 557 231 594 in
249 557 314 595 illo
333 563 424 594 teste
442 557 638 607 posuisses.
671 555 744 593 Sed
763 555 957 594 hominem
976 559 1023 595 ab
1043 560 1192 609 negotio

88 609 271 648 abducere
291 609 456 648 noluisti.
491 609 683 659 Magnum
701 616 778 646 erat
796 609 830 646 ei
849 617 1035 648 certamen
1054 624 1192 664 propo-

86 664 218 710 situm,
238 675 484 714 magnacum
504 662 644 700 Graeeis
657 662 875 708 contentio3
906 663 972 714 qui
990 671 1132 712 tamen,
1148 674 1193 704 ut

87 716 235 768 opinor,
257 718 383 765 jacent
412 716 524 754 victi:
554 728 644 752 nam
673 716 741 753 iste
765 728 864 753 unus
892 723 1011 754 totam
1038 719 1190 767 Asiam,

90 770 351 820 magnitudine
369 769 605 821 poculorum,
616 768 869 819 bibendoque,
887 772 1090 820 superavit.
1118 773 1194 812 Sed

89 831 216 861 tamen
245 823 330 874 quis
356 823 438 868 tibi,
466 822 576 869 Laeli,
609 821 656 858 de
684 821 848 871 epistolis
880 822 961 860 istis
984 824 1193 864 indicavit?

89 877 265 914 mulieres
282 884 422 926 negant
440 888 479 912 se
498 875 601 912 scire.
631 875 730 921 Quis
741 874 772 912 is
784 881 839 911 est
849 875 993 925 igitur?
1023 878 1096 916 Ille
1114 879 1194 930 ipse

89 929 172 975 tibi,
189 942 227 966 se
245 929 293 966 ad
313 936 471 966 matrem
491 936 527 966 et
539 940 701 965 sororem
716 928 913 978 scripsisse,
929 931 1123 971 narravit?
1144 946 1192 971 an

89 982 202 1019 etiam
222 982 368 1032 scripsit
386 990 493 1019 oratu
512 983 609 1019 tuo?

139 1037 197 1073 At
215 1048 300 1073 vero
326 1035 386 1072 M.
407 1034 627 1078 AEbutium,
649 1043 685 1072 et
699 1036 1042 1075 constantissimum
1063 1046 1099 1076 et
1120 1053 1193 1091 pu-

84 1088 351 1126 (lentissimum
370 1087 578 1133 hominem,
603 1087 762 1125 Falcidii
779 1088 944 1137 affinem,
965 1091 1061 1128 nihil
1079 1092 1194 1131 inter-

90 1144 230 1192 rogas?
260 1141 355 1178 nihil
380 1143 461 1190 ejus
483 1153 678 1191 generum,
698 1141 780 1191 pari
805 1141 878 1178 fide
902 1143 1119 1192 praeditum,
1146 1148 1192 1185 C.

89 1194 297 1233 Manilium
312 1197 329 1232 ,⁹
358 1194 426 1245 qui
447 1194 626 1244 profecto,
653 1193 700 1231 de
723 1193 834 1231 tanta·
848 1196 1023 1244 pecunia,
1044 1198 1075 1235 si
1100 1207 1195 1238 esset

87 1248 190 1295 data,
206 1248 301 1286 nihil
315 1248 463 1285 audisse
481 1259 554 1284 non
576 1254 709 1297 posset.
740 1247 814 1285 His
829 1255 871 1284 tu
883 1248 998 1298 igitur
1013 1251 1191 1301 epistolis,

89 1301 270 1349 Deciane,
289 1301 464 1346 recitatis,
484 1300 543 1338 his
555 1300 787 1337 mulierculis
806 1301 1011 1351 productis,
1025 1304 1090 1341 illo
1109 1307 1195 1344 abs..

87 1362 172 1392 ente
191 1362 341 1392 auctore
359 1353 529 1396 laudato,
550 1360 698 1390 tantum
718 1361 754 1391 te
778 1354 919 1391 crimen
944 1358 1194 1405 probaturum

87 1408 258 1459 putasti?
286 1407 507 1458 praesertim,
527 1419 615 1444 cum
633 1407 726 1457 ipse,
742 1419 817 1445 non
837 1407 1053 1447 deducendo
1072 1411 1195 1450 Falci-

88 1461 212 1508 dium,
230 1461 414 1510 judicium
435 1460 578 1504 feceris,
604 1460 691 1510 plus
709 1459 845 1497 falsam
865 1461 1060 1512 epistolam
1085 1465 1194 1503 habi-

89 1523 214 1552 turam
233 1514 422 1565 ponderis,
442 1525 559 1565 quam
572 1512 690 1564 ipsius
709 1514 900 1564 praesentis
918 1514 1045 1554 fictam
1064 1530 1193 1557 vocem

82 1577 125 1606 et
143 1568 365 1606 simulatum
383 1567 563 1605 dolorem.

142 1621 392 1659 XXXVIII.
421 1620 495 1658 Sed
510 1620 603 1671 quid
617 1633 686 1671 ego
700 1620 746 1657 de
761 1620 926 1672 epistolis
939 1623 1111 1670 Falcidii,
1127 1633 1194 1663 aut

89 1675 137 1713 de
154 1675 339 1712 Androne
361 1673 532 1721 Sextilio,
557 1680 623 1710 aut
648 1673 694 1711 de
713 1673 873 1712 Deciani
897 1688 1025 1724 censu,
1046 1679 1193 1717 tamdiu

86 1728 237 1778 disputo
250 1742 262 1773 3
292 1727 338 1765 de
349 1728 469 1765 salute
480 1727 649 1764 omnium
664 1730 848 1774 nostrum,
861 1728 907 1766 de
925 1729 1086 1768 fortunis
1105 1732 1195 1770 civi-

88 1782 188 1827 tatis,
208 1781 255 1818 de
273 1780 426 1819 summa
443 1779 657 1830 reipublicae
671 1781 802 1818 taceo?
827 1794 942 1831 quam
959 1796 1023 1821 vos
1042 1784 1194 1822 univer-

90 1847 170 1872 sam
189 1834 230 1870 in
246 1834 318 1872 hoc
339 1833 481 1882 judicio
499 1832 628 1871 vestris
648 1833 830 1880 humeris,
852 1836 997 1884 vestris,
1018 1836 1191 1888 inquam,

89 1887 271 1934 humeris,
295 1886 452 1935 judices,
482 1886 685 1924 sustinetis.
727 1887 887 1934 Videtis,
917 1888 956 1925 in
985 1902 1061 1939 quo
1085 1900 1193 1928 motu

91 1948 320 1990 temporum,
345 1939 489 1990 quanta
510 1939 550 1976 in
574 1940 812 1977 conversione
833 1953 960 1978 rerum
986 1955 1028 1979 ac
1046 1951 1194 1993 pertur-

88 1993 252 2040 batione,
281 2005 482 2030 versemur.
523 1992 624 2030 Cum
651 1992 725 2030 alia
748 1994 872 2031 multa
895 1995 985 2032 certi
1007 1995 1193 2044 homines,

87 2054 173 2086 tum
198 2046 269 2084 hoc
294 2045 353 2083 vel
376 2045 544 2083 maxime
568 2045 792 2093 moliuntur,
821 2054 863 2083 ut
887 2055 1017 2085 vestrae
1043 2062 1194 2099 quoque

90 2106 248 2146 mentes,
267 2105 390 2136 vestra
403 2098 560 2147 judicia,
580 2105 712 2136 vestrae
726 2100 933 2147 sententiae,
953 2101 1097 2151 optimo
1115 2102 1194 2139 cui-

84 2165 163 2204 que
174 2151 423 2190 infestissimae
432 2158 547 2202 atque
557 2151 824 2191 inimicissimae
834 2153 1078 2204 reperiantur.
1096 2154 1192 2192 Gra.

142 2206 294 2250 (Orat.)
328 2215 433 2242 vot..
458 2216 531 2242 111.
914 2216 940 2243 Ε
