1425 2334
360 92 474 130 PRO
504 92 726 131 SEXTIO.
758 95 861 131 CAP.
891 93 955 130 63.
1128 92 1205 136 317

109 206 307 250 agerentur
334 199 479 249 gratiae,
505 207 619 250 atque
642 207 685 236 ut
715 199 843 244 iidem,
872 199 920 236 ad
943 212 1001 237 res
1020 199 1220 237 redeuntes

111 261 154 290 ut
173 252 355 297 venirent,
374 260 606 302 rogarentur.
638 252 733 290 Haec
745 260 824 290 erat
843 252 1054 290 studiorum
1073 253 1112 289 111
1131 253 1219 290 mea

111 306 230 344 salute
247 304 460 349 contentio;
489 313 533 342 ut
551 305 592 350 ii,
613 305 680 356 qui
699 319 721 343 a
739 314 870 344 senatu
888 305 936 343 de
953 318 1016 343 me
1034 307 1219 355 rogaban-

111 367 187 404 tur,
212 357 329 395 iidem
358 358 505 395 senatui
526 371 595 409 pro
623 371 686 396 me
711 359 976 410 supplicarent.
1005 359 1138 409 Atque
1166 358 1221 396 ita

113 412 154 450 in
172 411 231 449 his
249 412 361 448 rebus
378 423 480 449 unus
499 420 554 449 est
573 412 674 449 solus
693 412 881 460 inventus,
902 412 969 463 qui
988 413 1035 449 ab
1054 411 1126 449 hac
1144 419 1223 449 tam

113 464 286 515 impensa
317 464 511 502 voluntate
545 467 734 503 bonorum
772 466 901 516 palam
938 465 1145 512 dissideret,
1177 471 1222 502 ut

114 517 228 556 etiam
253 517 304 564 Q.
327 517 510 556 Metellus
532 519 676 563 consul,
706 519 773 570 qui
792 519 887 557 mihi
909 519 970 557 vel
987 518 1156 556 maxime
1175 531 1220 556 ex

114 571 264 621 magnis
293 571 594 610 contentionibus
622 572 838 623 reipublicae
869 572 1000 610 fuisset
1031 571 1222 619 inimicus,

115 623 163 662 de
181 624 268 662 mea
286 625 406 662 salute
423 624 603 663 retulerit.
632 625 726 673 Qui,
748 625 943 673 excitatus,
966 637 1054 663 cum
1074 624 1227 662 summa

117 677 338 715 auctoritate
358 678 403 716 P.
425 678 586 725 Servilii,
608 686 689 716 tum
712 679 877 730 quadam
898 679 1081 729 gravitate
1100 678 1228 716 dicen-

117 730 172 778 di,
192 743 281 768 cum
313 730 378 769 ille
407 743 538 770 omnes
566 745 683 792 prope
712 734 759 770 ab
782 732 911 770 inferis
931 732 1119 770 evocasset
1137 731 1227 769 Me-

119 784 242 831 tellos,
261 790 298 821 et
327 784 377 822 ad
401 784 503 822 1111115
521 787 680 836 generis,
712 785 816 837 quod
838 785 910 823 sibi
935 798 1024 823 cum
1049 798 1093 823 eo
1122 797 1226 823 com-

120 848 237 874 mune
269 844 376 884 esset,
410 837 647 889 dignitatem,
680 839 885 890 propinqui
914 838 973 876 sui
1004 845 1172 876 mentem
1203 850 1228 875 3

121 889 316 928 Clodianis
333 891 537 930 latrociniis
555 892 784 936 reflexisset;
814 905 978 943 cumque
991 904 1080 929 eum
1098 891 1148 929 ad
1161 890 1230 929 do-

122 943 268 981 mestici
299 945 465 996 exempli
492 946 730 993 memoriam,
757 953 793 983 et
823 945 872 982 ad
904 944 1104 983 Numidici
1125 944 1229 981 illius

125 995 281 1034 Metelli
317 1009 448 1036 casum
478 999 536 1036 vel
570 999 777 1049 gloriosum
809 999 870 1036 vel
898 1010 1052 1049 gravem
1082 1009 1237 1035 conver-

123 1049 252 1095 tisset3
282 1050 562 1102 collacrymavit
580 1052 638 1089 vir
665 1051 835 1102 egregius
856 1064 899 1089 ac
921 1064 1006 1089 vere
1031 1050 1230 1098 Metellus,

125 1109 326 1154 totumque
344 1117 383 1142 se
401 1104 447 1142 P.
469 1105 626 1143 Servilio
645 1105 782 1143 dicenti
807 1104 921 1143 etiam
943 1111 1028 1142 tum
1052 1103 1231 1141 tradidit:

124 1167 194 1194 1166
221 1156 330 1194 1113111
359 1157 527 1195 divinam
552 1159 789 1209 gravitatem,
813 1158 966 1209 plenam
986 1156 1236 1207 antiquitatis,

126 1209 270 1248 diutius
287 1209 403 1249 homo
422 1211 592 1261 ejusdem
611 1212 805 1262 sanguinis
823 1211 948 1262 potuit
967 1210 1173 1254 sustinere;
1199 1216 1238 1247 et

127 1274 278 1300 mecum
310 1265 444 1302 absens
475 1264 656 1302 beneficio
686 1265 798 1302 rediit
832 1265 872 1301 in
909 1264 1082 1315 gratiam.
1119 1262 1236 1309 Quod

128 1323 240 1362 certe,
260 1315 291 1353 si
310 1324 364 1354 est
379 1317 516 1368 aliquis
534 1330 662 1355 sensus
676 1317 716 1355 in
731 1324 851 1355 morte
861 1317 1128 1368 praeclarorum
1140 1316 1239 1353 viro-

129 1381 232 1417 rum,
253 1381 342 1407 cum
356 1370 534 1409 omnibus
549 1371 733 1419 Metellis,
752 1378 837 1409 tum
856 1383 943 1409 vero
961 1370 1043 1417 uni,
1064 1369 1144 1407 viro
1163 1369 1241 1406 for-

128 1421 276 1460 *tissimo
308 1430 346 1461 et
373 1424 683 1474 praestantissimo
716 1423 802 1472 civi,
834 1423 1105 1474 gratissimum,
1132 1422 1240 1459 fratri

131 1487 214 1521 suo,
235 1475 336 1523 fecit,
356 1477 454 1515 socio
483 1477 673 1523 laborum,
701 1477 970 1529 periculorum,
997 1475 1238 1514 consiliorum

132 1540 318 1566 meorum.

186 1581 349 1620 LXIII.
379 1583 541 1622 Reditus
559 1597 647 1622 vero
669 1597 776 1622 1116115
795 1584 862 1635 qui
880 1583 1007 1627 fuerit,
1028 1582 1115 1634 quis
1133 1582 1241 1632 igno-

136 1634 225 1672 rat?
253 1636 578 1686 quemadmodum
605 1637 701 1675 mihi
729 1637 943 1675 advenienti
968 1644 1164 1687 tamquam
1186 1642 1243 1672 to-

137 1687 212 1725 tius
232 1687 354 1726 ltaliae
372 1696 487 1741 atque
514 1691 633 1742 ipsius
650 1691 782 1742 patriae
806 1691 980 1729 dextram
1009 1688 1243 1740 porrexerint

140 1741 388 1788 Brundisinig
417 1755 537 1790 611111,
546 1744 639 1795 ipsis
662 1744 772 1782 nonis
793 1744 1014 1790 Sextilibus,
1033 1742 1136 1779 idem
1165 1741 1244 1779 dies

138 1793 320 1832 adventus
347 1795 424 1833 11161
447 1795 579 1834 fuisset
600 1797 830 1858 reditusque,
850 1797 985 1835 natalis
1003 1795 1105 1833 idem
1133 1794 1245 1831 caris-

139 1847 246 1885 simae
263 1847 366 1896 filiae,
386 1862 504 1900 quam
533 1862 581 1887 ex
610 1851 832 1901 gravissimo
850 1858 934 1888 tum
952 1849 1122 1910 primum
1147 1846 1246 1884 desi-

141 1899 243 1938 derio
266 1900 448 1952 luctuque
466 1904 668 1954 conspexi,
698 1904 800 1942 idem
820 1904 935 1942 etiam
953 1901 1072 1953 ipsius
1091 1899 1249 1937 coloniae

140 1953 396 2002 Brundisinae,
426 1955 604 2007 idemque
632 1957 797 2002 Salutis,
827 1968 991 2006 cumque
1019 1966 1082 1991 me
1109 1953 1249 1990 domus

141 2006 273 2044 eadem
301 2008 533 2059 optimorum
552 2016 589 2047 et
614 2009 914 2048 doctissimorum
933 2008 1114 2054 virorum,
1135 2005 1247 2043 Lenii

144 2059 284 2106 Flacci,
305 2069 342 2098 et
358 2061 489 2112 patris,
510 2069 546 2100 et
563 2063 688 2101 fratris
706 2065 802 2113 ejus,
821 2061 1014 2100 laetissima
1031 2059 1245 2110 accepisset,

144 2127 230 2164 quae
248 2114 422 2163 proximo
447 2127 547 2153 anno
571 2129 730 2155 moerens
752 2121 953 2166 receperat,
974 2121 1011 2151 et
1035 2125 1104 2151 suo
1121 2111 1249 2164 praesi-

142 2167 206 2205 dio
233 2167 474 2219 periculoque
505 2169 747 2217 defenderat3
778 2181 956 2218 cumque,
991 2167 1124 2204 itinere
1153 2171 1245 2211 toto,

860 2223 884 2257 2
907 2230 930 2257 1-.
953 2221 977 2257 3
