<?xml version="1.0" encoding="UTF-8"?>
<!DOCTYPE html PUBLIC "-//W3C//DTD XHTML 1.0 Transitional//EN"
    "http://www.w3.org/TR/xhtml1/DTD/xhtml1-transitional.dtd">
<html xmlns="http://www.w3.org/1999/xhtml" xml:lang="en" lang="en">
 <head>
  <title>
</title>
<meta http-equiv="Content-Type" content="text/html;charset=utf-8" />
  <meta name='ocr-system' content='tesseract 3.04.00' />
  <meta name='ocr-capabilities' content='ocr_page ocr_carea ocr_par ocr_line ocrx_word'/>
</head>
<body>
  <div class='ocr_page' id='page_1' title='image "./operaern07ciceuoft_0081.png"; bbox 0 0 1425 2334; ppageno 0'>
   <div class='ocr_carea' id='block_1_1' title="bbox 403 64 1231 111">
    <p class='ocr_par' dir='ltr' id='par_1_1' title="bbox 403 64 1231 111">
     <span class='ocr_line' id='line_1_1' title="bbox 403 64 1231 111; baseline -0.004 -3"><span class='ocrx_word' id='word_1_1' title='bbox 403 64 516 108; x_wconf 85' lang='lat' dir='ltr'>PRO</span> <span class='ocrx_word' id='word_1_2' title='bbox 544 64 739 107; x_wconf 85' lang='lat' dir='ltr'>SULLA.</span> <span class='ocrx_word' id='word_1_3' title='bbox 770 69 873 106; x_wconf 65' lang='lat' dir='ltr'>(J&#39;Al’.</span> <span class='ocrx_word' id='word_1_4' title='bbox 905 69 967 106; x_wconf 69' lang='lat'>24.</span> <span class='ocrx_word' id='word_1_5' title='bbox 1182 67 1231 111; x_wconf 76' lang='lat'>67</span> 
     </span>
    </p>
   </div>
   <div class='ocr_carea' id='block_1_2' title="bbox 80 173 1229 2189">
    <p class='ocr_par' dir='ltr' id='par_1_2' title="bbox 123 173 1229 385">
     <span class='ocr_line' id='line_1_2' title="bbox 130 173 1229 226; baseline 0 -14"><span class='ocrx_word' id='word_1_6' title='bbox 130 173 268 213; x_wconf 74' lang='lat' dir='ltr'>factare</span> <span class='ocrx_word' id='word_1_7' title='bbox 281 175 468 224; x_wconf 86' lang='lat' dir='ltr'>judicium</span> <span class='ocrx_word' id='word_1_8' title='bbox 479 183 534 213; x_wconf 87' lang='lat' dir='ltr'>est</span> <span class='ocrx_word' id='word_1_9' title='bbox 548 183 725 213; x_wconf 79' lang='lat' dir='ltr'>conatus:</span> <span class='ocrx_word' id='word_1_10' title='bbox 757 174 852 211; x_wconf 86' lang='lat' dir='ltr'>nihil</span> <span class='ocrx_word' id='word_1_11' title='bbox 871 182 927 212; x_wconf 78' lang='lat' dir='ltr'>cst</span> <span class='ocrx_word' id='word_1_12' title='bbox 945 174 1127 223; x_wconf 75' lang='lat' dir='ltr'>ejusmodi</span> <span class='ocrx_word' id='word_1_13' title='bbox 1143 187 1229 226; x_wconf 83' lang='lat' dir='ltr'>pro-</span> 
     </span>
     <span class='ocr_line' id='line_1_3' title="bbox 129 227 1226 279; baseline -0.001 -14"><span class='ocrx_word' id='word_1_14' title='bbox 129 228 356 278; x_wconf 82' lang='lat' dir='ltr'>mulgatum.</span> <span class='ocrx_word' id='word_1_15' title='bbox 377 230 534 279; x_wconf 83' lang='lat' dir='ltr'>Semper</span> <span class='ocrx_word' id='word_1_16' title='bbox 546 228 732 274; x_wconf 87' lang='lat' dir='ltr'>C-aecilius,</span> <span class='ocrx_word' id='word_1_17' title='bbox 746 228 786 264; x_wconf 91' lang='lat' dir='ltr'>in</span> <span class='ocrx_word' id='word_1_18' title='bbox 799 227 1009 265; x_wconf 82' lang='lat' dir='ltr'>calamitate</span> <span class='ocrx_word' id='word_1_19' title='bbox 1019 228 1142 265; x_wconf 85' lang='lat' dir='ltr'>fratris</span> <span class='ocrx_word' id='word_1_20' title='bbox 1155 229 1226 274; x_wconf 85' lang='lat' dir='ltr'>sui,</span> 
     </span>
     <span class='ocr_line' id='line_1_4' title="bbox 123 280 1226 332; baseline 0.001 -14"><span class='ocrx_word' id='word_1_21' title='bbox 123 280 298 329; x_wconf 78' lang='lat' dir='ltr'>Judicum</span> <span class='ocrx_word' id='word_1_22' title='bbox 312 288 533 332; x_wconf 78' lang='lat' dir='ltr'>potestatem</span> <span class='ocrx_word' id='word_1_23' title='bbox 552 281 862 332; x_wconf 82' lang='lat' dir='ltr'><strong>perpetuandam,</strong></span> <span class='ocrx_word' id='word_1_24' title='bbox 875 281 968 331; x_wconf 77' lang='lat' dir='ltr'>legis</span> <span class='ocrx_word' id='word_1_25' title='bbox 987 281 1226 319; x_wconf 82' lang='lat' dir='ltr'>acerbitatem</span> 
     </span>
     <span class='ocr_line' id='line_1_5' title="bbox 127 333 569 385; baseline 0.002 -15"><span class='ocrx_word' id='word_1_26' title='bbox 127 333 390 384; x_wconf 86' lang='lat' dir='ltr'>mitigandam,</span> <span class='ocrx_word' id='word_1_27' title='bbox 410 335 569 385; x_wconf 80' lang='lat' dir='ltr'>putavit.</span> 
     </span>
    </p>

    <p class='ocr_par' dir='ltr' id='par_1_3' title="bbox 106 386 1224 1339">
     <span class='ocr_line' id='line_1_6' title="bbox 178 386 1224 438; baseline 0 -14"><span class='ocrx_word' id='word_1_28' title='bbox 178 386 308 424; x_wconf 90' lang='lat' dir='ltr'>XXII</span> <span class='ocrx_word' id='word_1_29' title='bbox 317 388 346 424; x_wconf 85' lang='grc' dir='ltr'>Ι.</span> <span class='ocrx_word' id='word_1_30' title='bbox 376 388 450 425; x_wconf 83' lang='lat' dir='ltr'>Sed</span> <span class='ocrx_word' id='word_1_31' title='bbox 461 388 552 438; x_wconf 82' lang='lat' dir='ltr'>quid</span> <span class='ocrx_word' id='word_1_32' title='bbox 565 400 633 437; x_wconf 87' lang='lat' dir='ltr'>ego</span> <span class='ocrx_word' id='word_1_33' title='bbox 645 387 690 424; x_wconf 87' lang='lat' dir='ltr'>de</span> <span class='ocrx_word' id='word_1_34' title='bbox 701 388 771 425; x_wconf 74' lang='lat' dir='ltr'>hcc</span> <span class='ocrx_word' id='word_1_35' title='bbox 783 388 893 437; x_wconf 84' lang='lat' dir='ltr'>plura</span> <span class='ocrx_word' id='word_1_36' title='bbox 907 387 1095 437; x_wconf 83' lang='lat' dir='ltr'>disputem</span> <span class='ocrx_word' id='word_1_37' title='bbox 1107 388 1124 423; x_wconf 67' lang='grc' dir='ltr'>ἶ)</span> <span class='ocrx_word' id='word_1_38' title='bbox 1153 388 1224 424; x_wconf 84' lang='lat' dir='ltr'>Di-</span> 
     </span>
     <span class='ocr_line' id='line_1_7' title="bbox 123 440 1222 490; baseline 0 -13"><span class='ocrx_word' id='word_1_39' title='bbox 123 452 245 477; x_wconf 89' lang='lat' dir='ltr'>cerem</span> <span class='ocrx_word' id='word_1_40' title='bbox 264 440 430 488; x_wconf 79' lang='lat' dir='ltr'>fortasse,</span> <span class='ocrx_word' id='word_1_41' title='bbox 444 448 480 478; x_wconf 88' lang='lat' dir='ltr'>et</span> <span class='ocrx_word' id='word_1_42' title='bbox 497 440 606 478; x_wconf 87' lang='lat' dir='ltr'>facile</span> <span class='ocrx_word' id='word_1_43' title='bbox 621 448 657 478; x_wconf 89' lang='lat' dir='ltr'>et</span> <span class='ocrx_word' id='word_1_44' title='bbox 674 441 832 479; x_wconf 80' lang='lat' dir='ltr'>libenter</span> <span class='ocrx_word' id='word_1_45' title='bbox 851 440 1023 478; x_wconf 77' lang='lat' dir='ltr'>dicerem.</span> <span class='ocrx_word' id='word_1_46' title='bbox 1054 441 1095 478; x_wconf 89' lang='lat' dir='ltr'>Si</span> <span class='ocrx_word' id='word_1_47' title='bbox 1108 442 1222 490; x_wconf 83' lang='lat' dir='ltr'>paulo</span> 
     </span>
     <span class='ocr_line' id='line_1_8' title="bbox 123 492 1220 544; baseline 0.002 -15"><span class='ocrx_word' id='word_1_48' title='bbox 123 492 236 530; x_wconf 85' lang='lat' dir='ltr'>etiam</span> <span class='ocrx_word' id='word_1_49' title='bbox 254 493 417 544; x_wconf 86' lang='lat' dir='ltr'>longius,</span> <span class='ocrx_word' id='word_1_50' title='bbox 444 506 561 544; x_wconf 82' lang='lat' dir='ltr'>quam</span> <span class='ocrx_word' id='word_1_51' title='bbox 579 494 665 531; x_wconf 80' lang='lat' dir='ltr'>finis</span> <span class='ocrx_word' id='word_1_52' title='bbox 684 493 893 544; x_wconf 86' lang='lat' dir='ltr'>quotidiani</span> <span class='ocrx_word' id='word_1_53' title='bbox 912 493 1023 531; x_wconf 82' lang='lat' dir='ltr'>officii</span> <span class='ocrx_word' id='word_1_54' title='bbox 1041 494 1220 543; x_wconf 80' lang='lat' dir='ltr'>postulat,</span> 
     </span>
     <span class='ocr_line' id='line_1_9' title="bbox 121 544 1219 596; baseline 0.002 -14"><span class='ocrx_word' id='word_1_55' title='bbox 121 544 240 595; x_wconf 87' lang='lat' dir='ltr'>pietas</span> <span class='ocrx_word' id='word_1_56' title='bbox 272 553 308 584; x_wconf 84' lang='lat' dir='ltr'>et</span> <span class='ocrx_word' id='word_1_57' title='bbox 335 546 520 584; x_wconf 84' lang='lat' dir='ltr'>fraternus</span> <span class='ocrx_word' id='word_1_58' title='bbox 549 559 655 584; x_wconf 87' lang='lat' dir='ltr'>amor</span> <span class='ocrx_word' id='word_1_59' title='bbox 679 547 727 584; x_wconf 88' lang='lat' dir='ltr'>L.</span> <span class='ocrx_word' id='word_1_60' title='bbox 754 546 951 584; x_wconf 85' lang='lat' dir='ltr'>Caecilium</span> <span class='ocrx_word' id='word_1_61' title='bbox 980 547 1219 596; x_wconf 75' lang='lat' dir='ltr'>protulisset:</span> 
     </span>
     <span class='ocr_line' id='line_1_10' title="bbox 119 597 1221 650; baseline 0.001 -15"><span class='ocrx_word' id='word_1_62' title='bbox 119 597 360 649; x_wconf 83' lang='lat' dir='ltr'>implorarem</span> <span class='ocrx_word' id='word_1_63' title='bbox 376 611 505 637; x_wconf 88' lang='lat' dir='ltr'>sensus</span> <span class='ocrx_word' id='word_1_64' title='bbox 519 606 656 637; x_wconf 84' lang='lat' dir='ltr'>vestros</span> <span class='ocrx_word' id='word_1_65' title='bbox 670 613 682 643; x_wconf 84' lang='lat'>;</span> <span class='ocrx_word' id='word_1_66' title='bbox 712 599 1008 650; x_wconf 82' lang='lat' dir='ltr'>uniuscujusque</span> <span class='ocrx_word' id='word_1_67' title='bbox 1020 599 1221 650; x_wconf 83' lang='lat' dir='ltr'>indulgen-</span> 
     </span>
     <span class='ocr_line' id='line_1_11' title="bbox 120 651 1219 703; baseline 0.002 -15"><span class='ocrx_word' id='word_1_68' title='bbox 120 651 212 688; x_wconf 86' lang='lat' dir='ltr'><strong>tiam</strong></span> <span class='ocrx_word' id='word_1_69' title='bbox 230 652 270 689; x_wconf 89' lang='lat' dir='ltr'>in</span> <span class='ocrx_word' id='word_1_70' title='bbox 289 665 374 690; x_wconf 89' lang='lat' dir='ltr'>suos</span> <span class='ocrx_word' id='word_1_71' title='bbox 390 659 541 690; x_wconf 83' lang='lat' dir='ltr'>testarer</span> <span class='ocrx_word' id='word_1_72' title='bbox 555 667 566 697; x_wconf 80' lang='lat'><em>3</em></span> <span class='ocrx_word' id='word_1_73' title='bbox 595 661 761 703; x_wconf 72' lang='lat' dir='ltr'>peterem</span> <span class='ocrx_word' id='word_1_74' title='bbox 774 659 893 690; x_wconf 81' lang='lat' dir='ltr'>errato</span> <span class='ocrx_word' id='word_1_75' title='bbox 906 652 1120 690; x_wconf 83' lang='lat' dir='ltr'>veniamL.</span> <span class='ocrx_word' id='word_1_76' title='bbox 1135 654 1219 690; x_wconf 74' lang='lat' dir='ltr'>Cae-</span> 
     </span>
     <span class='ocr_line' id='line_1_12' title="bbox 117 704 1219 756; baseline 0.002 -15"><span class='ocrx_word' id='word_1_77' title='bbox 117 704 194 741; x_wconf 90' lang='lat' dir='ltr'>cilii</span> <span class='ocrx_word' id='word_1_78' title='bbox 212 718 259 742; x_wconf 86' lang='lat' dir='ltr'>ex</span> <span class='ocrx_word' id='word_1_79' title='bbox 277 705 420 743; x_wconf 86' lang='lat' dir='ltr'>intimis</span> <span class='ocrx_word' id='word_1_80' title='bbox 434 706 565 743; x_wconf 81' lang='lat' dir='ltr'>vestris</span> <span class='ocrx_word' id='word_1_81' title='bbox 580 705 879 756; x_wconf 76' lang='lat' dir='ltr'>cogitationibuS,</span> <span class='ocrx_word' id='word_1_82' title='bbox 894 712 1007 756; x_wconf 85' lang='lat' dir='ltr'>atque</span> <span class='ocrx_word' id='word_1_83' title='bbox 1022 719 1068 743; x_wconf 83' lang='lat' dir='ltr'>ex</span> <span class='ocrx_word' id='word_1_84' title='bbox 1082 705 1219 743; x_wconf 79' lang='lat' dir='ltr'>huma-</span> 
     </span>
     <span class='ocr_line' id='line_1_13' title="bbox 117 757 1217 809; baseline 0.002 -15"><span class='ocrx_word' id='word_1_85' title='bbox 117 757 233 795; x_wconf 87' lang='lat' dir='ltr'>nitate</span> <span class='ocrx_word' id='word_1_86' title='bbox 244 759 448 796; x_wconf 82' lang='lat' dir='ltr'>communi.</span> <span class='ocrx_word' id='word_1_87' title='bbox 479 759 563 796; x_wconf 81' lang='lat' dir='ltr'>Lex</span> <span class='ocrx_word' id='word_1_88' title='bbox 575 759 653 796; x_wconf 78' lang='lat' dir='ltr'>dies</span> <span class='ocrx_word' id='word_1_89' title='bbox 667 759 740 796; x_wconf 79' lang='lat' dir='ltr'>fuit</span> <span class='ocrx_word' id='word_1_90' title='bbox 752 759 940 809; x_wconf 77' lang='lat' dir='ltr'>proposita</span> <span class='ocrx_word' id='word_1_91' title='bbox 951 772 1108 808; x_wconf 77' lang='lat' dir='ltr'>paucos:</span> <span class='ocrx_word' id='word_1_92' title='bbox 1129 759 1217 796; x_wconf 86' lang='lat' dir='ltr'>ferri</span> 
     </span>
     <span class='ocr_line' id='line_1_14' title="bbox 115 812 1217 862; baseline 0.001 -14"><span class='ocrx_word' id='word_1_93' title='bbox 115 818 235 860; x_wconf 86' lang='lat' dir='ltr'>coepta</span> <span class='ocrx_word' id='word_1_94' title='bbox 253 823 449 862; x_wconf 78' lang='lat' dir='ltr'>nunquam</span> <span class='ocrx_word' id='word_1_95' title='bbox 464 826 474 848; x_wconf 72' lang='grc' dir='ltr'>ε</span> <span class='ocrx_word' id='word_1_96' title='bbox 499 812 620 862; x_wconf 86' lang='lat' dir='ltr'>posita</span> <span class='ocrx_word' id='word_1_97' title='bbox 631 819 685 849; x_wconf 81' lang='lat' dir='ltr'>est</span> <span class='ocrx_word' id='word_1_98' title='bbox 703 812 742 848; x_wconf 91' lang='lat' dir='ltr'>in</span> <span class='ocrx_word' id='word_1_99' title='bbox 754 819 910 857; x_wconf 77' lang='lat' dir='ltr'>senatu3</span> <span class='ocrx_word' id='word_1_100' title='bbox 940 812 1125 862; x_wconf 85' lang='lat' dir='ltr'>populum</span> <span class='ocrx_word' id='word_1_101' title='bbox 1139 813 1217 849; x_wconf 75' lang='lat' dir='ltr'>Rc-</span> 
     </span>
     <span class='ocr_line' id='line_1_15' title="bbox 115 864 1216 914; baseline 0.002 -14"><span class='ocrx_word' id='word_1_102' title='bbox 115 875 273 901; x_wconf 84' lang='lat' dir='ltr'>manum</span> <span class='ocrx_word' id='word_1_103' title='bbox 291 865 414 902; x_wconf 85' lang='lat' dir='ltr'>latuit.</span> <span class='ocrx_word' id='word_1_104' title='bbox 444 864 544 902; x_wconf 84' lang='lat' dir='ltr'>Cum</span> <span class='ocrx_word' id='word_1_105' title='bbox 558 865 598 901; x_wconf 88' lang='lat' dir='ltr'>in</span> <span class='ocrx_word' id='word_1_106' title='bbox 613 864 845 914; x_wconf 76' lang='lat' dir='ltr'>Capitolium</span> <span class='ocrx_word' id='word_1_107' title='bbox 864 877 930 901; x_wconf 80' lang='lat' dir='ltr'>nos</span> <span class='ocrx_word' id='word_1_108' title='bbox 946 872 1117 902; x_wconf 82' lang='lat' dir='ltr'>senatum</span> <span class='ocrx_word' id='word_1_109' title='bbox 1129 878 1216 902; x_wconf 89' lang='lat' dir='ltr'>con-</span> 
     </span>
     <span class='ocr_line' id='line_1_16' title="bbox 113 917 1214 968; baseline 0.002 -15"><span class='ocrx_word' id='word_1_110' title='bbox 113 917 362 963; x_wconf 60' lang='lat' dir='ltr'>vocassemus,</span> <span class='ocrx_word' id='word_1_111' title='bbox 383 917 477 954; x_wconf 78' lang='lat' dir='ltr'>nihil</span> <span class='ocrx_word' id='word_1_112' title='bbox 497 925 551 955; x_wconf 84' lang='lat' dir='ltr'>est</span> <span class='ocrx_word' id='word_1_113' title='bbox 576 926 701 955; x_wconf 80' lang='lat' dir='ltr'>actum</span> <span class='ocrx_word' id='word_1_114' title='bbox 726 918 855 968; x_wconf 85' lang='lat' dir='ltr'>prius:</span> <span class='ocrx_word' id='word_1_115' title='bbox 886 924 923 954; x_wconf 87' lang='lat' dir='ltr'>ct</span> <span class='ocrx_word' id='word_1_116' title='bbox 952 918 1005 964; x_wconf 84' lang='lat' dir='ltr'>id,</span> <span class='ocrx_word' id='word_1_117' title='bbox 1035 918 1214 955; x_wconf 83' lang='lat' dir='ltr'>mandato</span> 
     </span>
     <span class='ocr_line' id='line_1_17' title="bbox 114 969 1211 1021; baseline 0.003 -16"><span class='ocrx_word' id='word_1_118' title='bbox 114 969 245 1014; x_wconf 81' lang='lat' dir='ltr'>Sullae,</span> <span class='ocrx_word' id='word_1_119' title='bbox 277 970 327 1017; x_wconf 88' lang='lat' dir='ltr'>Q.</span> <span class='ocrx_word' id='word_1_120' title='bbox 353 971 536 1008; x_wconf 87' lang='lat' dir='ltr'>Metellus</span> <span class='ocrx_word' id='word_1_121' title='bbox 564 978 700 1021; x_wconf 83' lang='lat' dir='ltr'>praetor</span> <span class='ocrx_word' id='word_1_122' title='bbox 724 984 762 1007; x_wconf 84' lang='lat' dir='ltr'>se</span> <span class='ocrx_word' id='word_1_123' title='bbox 790 971 896 1021; x_wconf 78' lang='lat' dir='ltr'>loqui</span> <span class='ocrx_word' id='word_1_124' title='bbox 924 971 1034 1017; x_wconf 80' lang='lat' dir='ltr'>dixit,</span> <span class='ocrx_word' id='word_1_125' title='bbox 1065 971 1211 1009; x_wconf 80' lang='lat' dir='ltr'>Sullam</span> 
     </span>
     <span class='ocr_line' id='line_1_18' title="bbox 111 1022 1212 1074; baseline 0.002 -15"><span class='ocrx_word' id='word_1_126' title='bbox 111 1022 222 1060; x_wconf 85' lang='lat' dir='ltr'>istam</span> <span class='ocrx_word' id='word_1_127' title='bbox 247 1024 477 1073; x_wconf 77' lang='lat' dir='ltr'>rogationem</span> <span class='ocrx_word' id='word_1_128' title='bbox 497 1024 544 1061; x_wconf 92' lang='lat' dir='ltr'>de</span> <span class='ocrx_word' id='word_1_129' title='bbox 563 1036 602 1061; x_wconf 85' lang='lat' dir='ltr'>se</span> <span class='ocrx_word' id='word_1_130' title='bbox 619 1024 718 1061; x_wconf 88' lang='lat' dir='ltr'>nolle</span> <span class='ocrx_word' id='word_1_131' title='bbox 736 1024 835 1061; x_wconf 90' lang='lat' dir='ltr'>ferri.</span> <span class='ocrx_word' id='word_1_132' title='bbox 876 1024 940 1061; x_wconf 78' lang='lat' dir='ltr'>Ex</span> <span class='ocrx_word' id='word_1_133' title='bbox 958 1024 1023 1061; x_wconf 86' lang='lat' dir='ltr'>illo</span> <span class='ocrx_word' id='word_1_134' title='bbox 1043 1031 1212 1074; x_wconf 81' lang='lat' dir='ltr'>tempore</span> 
     </span>
     <span class='ocr_line' id='line_1_19' title="bbox 112 1075 1209 1127; baseline 0.001 -14"><span class='ocrx_word' id='word_1_135' title='bbox 112 1075 159 1113; x_wconf 87' lang='lat' dir='ltr'>L.</span> <span class='ocrx_word' id='word_1_136' title='bbox 181 1075 354 1114; x_wconf 82' lang='lat' dir='ltr'>Caecilius</span> <span class='ocrx_word' id='word_1_137' title='bbox 372 1077 495 1114; x_wconf 81' lang='lat' dir='ltr'>multa</span> <span class='ocrx_word' id='word_1_138' title='bbox 520 1077 566 1113; x_wconf 86' lang='lat' dir='ltr'>de</span> <span class='ocrx_word' id='word_1_139' title='bbox 595 1077 787 1126; x_wconf 59' lang='lat' dir='ltr'>republica</span> <span class='ocrx_word' id='word_1_140' title='bbox 808 1076 907 1126; x_wconf 84' lang='lat' dir='ltr'>egit:</span> <span class='ocrx_word' id='word_1_141' title='bbox 937 1076 1092 1127; x_wconf 84' lang='lat' dir='ltr'>agrariae</span> <span class='ocrx_word' id='word_1_142' title='bbox 1120 1077 1209 1127; x_wconf 88' lang='lat' dir='ltr'>legi,</span> 
     </span>
     <span class='ocr_line' id='line_1_20' title="bbox 111 1129 1209 1180; baseline 0.003 -15"><span class='ocrx_word' id='word_1_143' title='bbox 111 1142 197 1179; x_wconf 88' lang='lat' dir='ltr'>quae</span> <span class='ocrx_word' id='word_1_144' title='bbox 215 1137 292 1166; x_wconf 83' lang='lat' dir='ltr'>tota</span> <span class='ocrx_word' id='word_1_145' title='bbox 309 1142 331 1166; x_wconf 85' lang='lat' dir='ltr'>a</span> <span class='ocrx_word' id='word_1_146' title='bbox 348 1142 411 1167; x_wconf 89' lang='lat' dir='ltr'>me</span> <span class='ocrx_word' id='word_1_147' title='bbox 428 1129 652 1180; x_wconf 81' lang='lat' dir='ltr'>reprehensa</span> <span class='ocrx_word' id='word_1_148' title='bbox 677 1137 713 1167; x_wconf 91' lang='lat' dir='ltr'>et</span> <span class='ocrx_word' id='word_1_149' title='bbox 737 1131 882 1178; x_wconf 81' lang='lat' dir='ltr'>abjecta</span> <span class='ocrx_word' id='word_1_150' title='bbox 904 1138 970 1177; x_wconf 86' lang='lat' dir='ltr'>est,</span> <span class='ocrx_word' id='word_1_151' title='bbox 991 1130 1209 1168; x_wconf 87' lang='lat' dir='ltr'>intercesso-</span> 
     </span>
     <span class='ocr_line' id='line_1_21' title="bbox 108 1182 1206 1233; baseline 0.001 -14"><span class='ocrx_word' id='word_1_152' title='bbox 108 1194 189 1220; x_wconf 90' lang='lat' dir='ltr'>rem</span> <span class='ocrx_word' id='word_1_153' title='bbox 207 1182 286 1219; x_wconf 88' lang='lat' dir='ltr'>fore</span> <span class='ocrx_word' id='word_1_154' title='bbox 302 1183 491 1232; x_wconf 88' lang='lat' dir='ltr'>professus</span> <span class='ocrx_word' id='word_1_155' title='bbox 509 1188 588 1219; x_wconf 89' lang='lat' dir='ltr'>est:</span> <span class='ocrx_word' id='word_1_156' title='bbox 619 1182 801 1233; x_wconf 82' lang='lat' dir='ltr'>improbis</span> <span class='ocrx_word' id='word_1_157' title='bbox 819 1182 1081 1232; x_wconf 82' lang='lat' dir='ltr'>largitionibus</span> <span class='ocrx_word' id='word_1_158' title='bbox 1103 1184 1206 1221; x_wconf 82' lang='lat' dir='ltr'>resti-</span> 
     </span>
     <span class='ocr_line' id='line_1_22' title="bbox 108 1235 1208 1286; baseline 0.001 -13"><span class='ocrx_word' id='word_1_159' title='bbox 108 1235 176 1272; x_wconf 83' lang='lat' dir='ltr'>tit:</span> <span class='ocrx_word' id='word_1_160' title='bbox 207 1239 357 1273; x_wconf 64' lang='lat' dir='ltr'>senatus</span> <span class='ocrx_word' id='word_1_161' title='bbox 370 1235 628 1273; x_wconf 86' lang='lat' dir='ltr'>auctoritatem</span> <span class='ocrx_word' id='word_1_162' title='bbox 643 1248 840 1286; x_wconf 86' lang='lat' dir='ltr'>nunquam</span> <span class='ocrx_word' id='word_1_163' title='bbox 855 1235 1052 1286; x_wconf 86' lang='lat' dir='ltr'>impedivit</span> <span class='ocrx_word' id='word_1_164' title='bbox 1065 1249 1076 1281; x_wconf 82' lang='lat'>3</span> <span class='ocrx_word' id='word_1_165' title='bbox 1106 1236 1159 1274; x_wconf 85' lang='lat' dir='ltr'>ita</span> <span class='ocrx_word' id='word_1_166' title='bbox 1170 1250 1208 1274; x_wconf 87' lang='lat' dir='ltr'>se</span> 
     </span>
     <span class='ocr_line' id='line_1_23' title="bbox 106 1288 1207 1339; baseline 0.001 -13"><span class='ocrx_word' id='word_1_167' title='bbox 106 1288 223 1339; x_wconf 87' lang='lat' dir='ltr'>gessit</span> <span class='ocrx_word' id='word_1_168' title='bbox 239 1288 280 1325; x_wconf 89' lang='lat' dir='ltr'>in</span> <span class='ocrx_word' id='word_1_169' title='bbox 298 1289 506 1335; x_wconf 86' lang='lat' dir='ltr'>tribunatu,</span> <span class='ocrx_word' id='word_1_170' title='bbox 527 1296 583 1335; x_wconf 88' lang='lat' dir='ltr'>ut,</span> <span class='ocrx_word' id='word_1_171' title='bbox 604 1301 714 1326; x_wconf 85' lang='lat' dir='ltr'>onere</span> <span class='ocrx_word' id='word_1_172' title='bbox 733 1288 900 1338; x_wconf 76' lang='lat' dir='ltr'>deposito</span> <span class='ocrx_word' id='word_1_173' title='bbox 921 1288 1115 1326; x_wconf 85' lang='lat' dir='ltr'>domestici</span> <span class='ocrx_word' id='word_1_174' title='bbox 1126 1290 1207 1327; x_wconf 91' lang='lat' dir='ltr'>offi-</span> 
     </span>
    </p>

    <p class='ocr_par' dir='ltr' id='par_1_4' title="bbox 80 1341 1208 1433">
     <span class='ocr_line' id='line_1_24' title="bbox 80 1341 1208 1398; baseline 0.001 -18"><span class='ocrx_word' id='word_1_175' title='bbox 80 1341 167 1398; x_wconf 60' lang='lat' dir='ltr'>·cii,</span> <span class='ocrx_word' id='word_1_176' title='bbox 186 1341 281 1379; x_wconf 88' lang='lat' dir='ltr'>nihil</span> <span class='ocrx_word' id='word_1_177' title='bbox 310 1349 440 1393; x_wconf 82' lang='lat' dir='ltr'>postea</span> <span class='ocrx_word' id='word_1_178' title='bbox 460 1341 534 1379; x_wconf 86' lang='lat' dir='ltr'>nisi</span> <span class='ocrx_word' id='word_1_179' title='bbox 559 1342 606 1379; x_wconf 92' lang='lat' dir='ltr'>de</span> <span class='ocrx_word' id='word_1_180' title='bbox 633 1342 849 1392; x_wconf 83' lang='lat' dir='ltr'>reipublicae</span> <span class='ocrx_word' id='word_1_181' title='bbox 874 1341 1081 1379; x_wconf 83' lang='lat' dir='ltr'>commodis</span> <span class='ocrx_word' id='word_1_182' title='bbox 1107 1343 1208 1393; x_wconf 82' lang='lat' dir='ltr'>cogi-</span> 
     </span>
     <span class='ocr_line' id='line_1_25' title="bbox 105 1394 206 1433; baseline -0.01 0"><span class='ocrx_word' id='word_1_183' title='bbox 105 1394 206 1433; x_wconf 51' lang='lat' dir='ltr'>terit.</span> 
     </span>
    </p>

    <p class='ocr_par' dir='ltr' id='par_1_5' title="bbox 99 1448 1206 2029">
     <span class='ocr_line' id='line_1_26' title="bbox 157 1448 1206 1500; baseline 0.001 -14"><span class='ocrx_word' id='word_1_184' title='bbox 157 1449 304 1499; x_wconf 87' lang='lat' dir='ltr'>Atque,</span> <span class='ocrx_word' id='word_1_185' title='bbox 319 1448 359 1486; x_wconf 92' lang='lat' dir='ltr'>in</span> <span class='ocrx_word' id='word_1_186' title='bbox 376 1449 459 1500; x_wconf 67' lang='lat' dir='ltr'>ips&#39;a</span> <span class='ocrx_word' id='word_1_187' title='bbox 470 1449 674 1500; x_wconf 82' lang='lat' dir='ltr'>rogatione,</span> <span class='ocrx_word' id='word_1_188' title='bbox 688 1461 735 1487; x_wconf 89' lang='lat' dir='ltr'>ne</span> <span class='ocrx_word' id='word_1_189' title='bbox 746 1461 813 1500; x_wconf 81' lang='lat' dir='ltr'>per</span> <span class='ocrx_word' id='word_1_190' title='bbox 827 1448 905 1487; x_wconf 86' lang='lat' dir='ltr'>vim</span> <span class='ocrx_word' id='word_1_191' title='bbox 917 1448 1009 1500; x_wconf 87' lang='lat' dir='ltr'>quid</span> <span class='ocrx_word' id='word_1_192' title='bbox 1021 1456 1206 1500; x_wconf 81' lang='lat' dir='ltr'>ageretur,</span> 
     </span>
     <span class='ocr_line' id='line_1_27' title="bbox 103 1501 1206 1552; baseline 0.002 -13"><span class='ocrx_word' id='word_1_193' title='bbox 103 1501 189 1552; x_wconf 87' lang='lat' dir='ltr'>quis</span> <span class='ocrx_word' id='word_1_194' title='bbox 207 1509 291 1540; x_wconf 88' lang='lat' dir='ltr'>tum</span> <span class='ocrx_word' id='word_1_195' title='bbox 309 1505 478 1540; x_wconf 67' lang='lat' dir='ltr'>nostrum</span> <span class='ocrx_word' id='word_1_196' title='bbox 499 1502 646 1540; x_wconf 84' lang='lat' dir='ltr'>Sullam</span> <span class='ocrx_word' id='word_1_197' title='bbox 671 1509 739 1540; x_wconf 83' lang='lat' dir='ltr'>aut</span> <span class='ocrx_word' id='word_1_198' title='bbox 763 1502 959 1540; x_wconf 85' lang='lat' dir='ltr'>Caecilium</span> <span class='ocrx_word' id='word_1_199' title='bbox 978 1505 1175 1540; x_wconf 82' lang='lat' dir='ltr'>verebatur</span> <span class='ocrx_word' id='word_1_200' title='bbox 1188 1505 1206 1541; x_wconf 69' lang='grc' dir='ltr'><strong><em>Ρ</em></strong></span> 
     </span>
     <span class='ocr_line' id='line_1_28' title="bbox 103 1555 1206 1606; baseline 0.002 -15"><span class='ocrx_word' id='word_1_201' title='bbox 103 1566 227 1592; x_wconf 88' lang='lat' dir='ltr'>nonne</span> <span class='ocrx_word' id='word_1_202' title='bbox 245 1555 367 1593; x_wconf 89' lang='lat' dir='ltr'>omnis</span> <span class='ocrx_word' id='word_1_203' title='bbox 384 1556 449 1593; x_wconf 89' lang='lat' dir='ltr'>ille</span> <span class='ocrx_word' id='word_1_204' title='bbox 468 1563 596 1601; x_wconf 89' lang='lat' dir='ltr'>terror,</span> <span class='ocrx_word' id='word_1_205' title='bbox 617 1556 740 1593; x_wconf 85' lang='lat' dir='ltr'>omnis</span> <span class='ocrx_word' id='word_1_206' title='bbox 758 1555 948 1593; x_wconf 85' lang='lat' dir='ltr'>seditionis</span> <span class='ocrx_word' id='word_1_207' title='bbox 968 1555 1080 1592; x_wconf 90' lang='lat' dir='ltr'>timor</span> <span class='ocrx_word' id='word_1_208' title='bbox 1092 1563 1206 1606; x_wconf 86' lang='lat' dir='ltr'>atque</span> 
     </span>
     <span class='ocr_line' id='line_1_29' title="bbox 100 1607 1202 1659; baseline 0.002 -15"><span class='ocrx_word' id='word_1_209' title='bbox 100 1607 241 1658; x_wconf 90' lang='lat' dir='ltr'>opinio,</span> <span class='ocrx_word' id='word_1_210' title='bbox 255 1621 301 1646; x_wconf 87' lang='lat' dir='ltr'>ex</span> <span class='ocrx_word' id='word_1_211' title='bbox 312 1608 494 1647; x_wconf 86' lang='lat' dir='ltr'>Autronii</span> <span class='ocrx_word' id='word_1_212' title='bbox 503 1609 744 1659; x_wconf 88' lang='lat' dir='ltr'>improbitate</span> <span class='ocrx_word' id='word_1_213' title='bbox 755 1609 969 1659; x_wconf 83' lang='lat' dir='ltr'>pendebat?</span> <span class='ocrx_word' id='word_1_214' title='bbox 990 1609 1070 1657; x_wconf 86' lang='lat' dir='ltr'>ejus</span> <span class='ocrx_word' id='word_1_215' title='bbox 1082 1622 1202 1655; x_wconf 90' lang='lat' dir='ltr'>voces,</span> 
     </span>
     <span class='ocr_line' id='line_1_30' title="bbox 101 1661 1201 1712; baseline 0.001 -14"><span class='ocrx_word' id='word_1_216' title='bbox 101 1661 182 1710; x_wconf 88' lang='lat' dir='ltr'>ejus</span> <span class='ocrx_word' id='word_1_217' title='bbox 200 1661 328 1708; x_wconf 88' lang='lat' dir='ltr'>minae,</span> <span class='ocrx_word' id='word_1_218' title='bbox 348 1661 584 1699; x_wconf 87' lang='lat' dir='ltr'>ferebantur:</span> <span class='ocrx_word' id='word_1_219' title='bbox 616 1663 696 1710; x_wconf 89' lang='lat' dir='ltr'>ejus</span> <span class='ocrx_word' id='word_1_220' title='bbox 721 1662 931 1712; x_wconf 83' lang='lat' dir='ltr'>adspectus,</span> <span class='ocrx_word' id='word_1_221' title='bbox 957 1662 1201 1708; x_wconf 87' lang='lat' dir='ltr'>concursatio,</span> 
     </span>
     <span class='ocr_line' id='line_1_31' title="bbox 100 1713 1203 1765; baseline 0.002 -15"><span class='ocrx_word' id='word_1_222' title='bbox 100 1713 263 1764; x_wconf 85' lang='lat' dir='ltr'>stipatio,</span> <span class='ocrx_word' id='word_1_223' title='bbox 289 1727 418 1765; x_wconf 86' lang='lat' dir='ltr'>greges</span> <span class='ocrx_word' id='word_1_224' title='bbox 437 1714 636 1752; x_wconf 89' lang='lat' dir='ltr'>hominum</span> <span class='ocrx_word' id='word_1_225' title='bbox 654 1714 901 1765; x_wconf 84' lang='lat' dir='ltr'>perditorum,</span> <span class='ocrx_word' id='word_1_226' title='bbox 928 1722 1075 1752; x_wconf 90' lang='lat' dir='ltr'>metum</span> <span class='ocrx_word' id='word_1_227' title='bbox 1094 1715 1203 1752; x_wconf 86' lang='lat' dir='ltr'>nobis</span> 
     </span>
     <span class='ocr_line' id='line_1_32' title="bbox 101 1766 1201 1819; baseline 0.001 -16"><span class='ocrx_word' id='word_1_228' title='bbox 101 1766 371 1819; x_wconf 86' lang='lat' dir='ltr'>seditionesque</span> <span class='ocrx_word' id='word_1_229' title='bbox 389 1767 604 1806; x_wconf 83' lang='lat' dir='ltr'>afferebant.</span> <span class='ocrx_word' id='word_1_230' title='bbox 635 1768 770 1818; x_wconf 83' lang='lat' dir='ltr'>Itaque</span> <span class='ocrx_word' id='word_1_231' title='bbox 784 1768 828 1805; x_wconf 87' lang='lat' dir='ltr'>P.</span> <span class='ocrx_word' id='word_1_232' title='bbox 843 1768 963 1814; x_wconf 83' lang='lat' dir='ltr'>Sulla,</span> <span class='ocrx_word' id='word_1_233' title='bbox 979 1768 1049 1805; x_wconf 91' lang='lat' dir='ltr'>hoc</span> <span class='ocrx_word' id='word_1_234' title='bbox 1059 1767 1201 1818; x_wconf 87' lang='lat' dir='ltr'>impor-</span> 
     </span>
     <span class='ocr_line' id='line_1_33' title="bbox 100 1819 1201 1868; baseline 0.002 -12"><span class='ocrx_word' id='word_1_235' title='bbox 100 1819 312 1868; x_wconf 88' lang='lat' dir='ltr'>tunissimo,</span> <span class='ocrx_word' id='word_1_236' title='bbox 332 1827 417 1858; x_wconf 90' lang='lat' dir='ltr'>tum</span> <span class='ocrx_word' id='word_1_237' title='bbox 434 1821 599 1866; x_wconf 90' lang='lat' dir='ltr'>honoris,</span> <span class='ocrx_word' id='word_1_238' title='bbox 615 1828 699 1858; x_wconf 90' lang='lat' dir='ltr'>tum</span> <span class='ocrx_word' id='word_1_239' title='bbox 714 1821 826 1858; x_wconf 90' lang='lat' dir='ltr'>etiam</span> <span class='ocrx_word' id='word_1_240' title='bbox 845 1821 1081 1867; x_wconf 81' lang='lat' dir='ltr'>calamitatis,</span> <span class='ocrx_word' id='word_1_241' title='bbox 1101 1820 1201 1858; x_wconf 90' lang='lat' dir='ltr'>socio</span> 
     </span>
     <span class='ocr_line' id='line_1_34' title="bbox 100 1873 1201 1924; baseline 0.002 -15"><span class='ocrx_word' id='word_1_242' title='bbox 100 1878 215 1924; x_wconf 89' lang='lat' dir='ltr'>atque</span> <span class='ocrx_word' id='word_1_243' title='bbox 233 1873 381 1919; x_wconf 88' lang='lat' dir='ltr'>comite,</span> <span class='ocrx_word' id='word_1_244' title='bbox 412 1881 450 1911; x_wconf 88' lang='lat' dir='ltr'>et</span> <span class='ocrx_word' id='word_1_245' title='bbox 478 1873 660 1912; x_wconf 87' lang='lat' dir='ltr'>secundas</span> <span class='ocrx_word' id='word_1_246' title='bbox 678 1874 846 1911; x_wconf 85' lang='lat' dir='ltr'>fortunas</span> <span class='ocrx_word' id='word_1_247' title='bbox 865 1874 1036 1911; x_wconf 88' lang='lat' dir='ltr'>amittere</span> <span class='ocrx_word' id='word_1_248' title='bbox 1053 1882 1201 1912; x_wconf 85' lang='lat' dir='ltr'>coactus</span> 
     </span>
     <span class='ocr_line' id='line_1_35' title="bbox 99 1925 1200 1978; baseline 0.001 -15"><span class='ocrx_word' id='word_1_249' title='bbox 99 1933 169 1973; x_wconf 88' lang='lat' dir='ltr'>est,</span> <span class='ocrx_word' id='word_1_250' title='bbox 182 1932 220 1963; x_wconf 86' lang='lat' dir='ltr'>et</span> <span class='ocrx_word' id='word_1_251' title='bbox 231 1926 272 1962; x_wconf 91' lang='lat' dir='ltr'>in</span> <span class='ocrx_word' id='word_1_252' title='bbox 286 1925 450 1964; x_wconf 87' lang='lat' dir='ltr'>adversis</span> <span class='ocrx_word' id='word_1_253' title='bbox 463 1927 544 1964; x_wconf 86' lang='lat' dir='ltr'>sine</span> <span class='ocrx_word' id='word_1_254' title='bbox 556 1927 636 1964; x_wconf 92' lang='lat' dir='ltr'>ullo</span> <span class='ocrx_word' id='word_1_255' title='bbox 650 1927 816 1964; x_wconf 86' lang='lat' dir='ltr'>remedio</span> <span class='ocrx_word' id='word_1_256' title='bbox 827 1934 940 1978; x_wconf 87' lang='lat' dir='ltr'>atque</span> <span class='ocrx_word' id='word_1_257' title='bbox 951 1927 1200 1965; x_wconf 88' lang='lat' dir='ltr'>allevamento</span> 
     </span>
     <span class='ocr_line' id='line_1_36' title="bbox 100 1990 330 2029; baseline 0 -13"><span class='ocrx_word' id='word_1_258' title='bbox 100 1990 330 2029; x_wconf 85' lang='lat' dir='ltr'>permanere.</span> 
     </span>
    </p>

    <p class='ocr_par' dir='ltr' id='par_1_6' title="bbox 96 2031 1200 2189">
     <span class='ocr_line' id='line_1_37' title="bbox 154 2031 1198 2084; baseline -0.001 -15"><span class='ocrx_word' id='word_1_259' title='bbox 154 2031 313 2070; x_wconf 90' lang='lat' dir='ltr'>XXIV.</span> <span class='ocrx_word' id='word_1_260' title='bbox 344 2032 423 2070; x_wconf 73' lang='lat' dir='ltr'>Hic</span> <span class='ocrx_word' id='word_1_261' title='bbox 451 2039 493 2070; x_wconf 87' lang='lat' dir='ltr'>tu</span> <span class='ocrx_word' id='word_1_262' title='bbox 525 2033 723 2084; x_wconf 86' lang='lat' dir='ltr'>epistolam</span> <span class='ocrx_word' id='word_1_263' title='bbox 753 2045 895 2071; x_wconf 60' lang='lat' dir='ltr'>meam,</span> <span class='ocrx_word' id='word_1_264' title='bbox 917 2044 1016 2084; x_wconf 89' lang='lat' dir='ltr'>saepe</span> <span class='ocrx_word' id='word_1_265' title='bbox 1051 2032 1198 2078; x_wconf 79' lang='lat' dir='ltr'>recitas,</span> 
     </span>
     <span class='ocr_line' id='line_1_38' title="bbox 97 2085 1200 2138; baseline 0 -17"><span class='ocrx_word' id='word_1_266' title='bbox 97 2097 216 2134; x_wconf 87' lang='lat' dir='ltr'>quam</span> <span class='ocrx_word' id='word_1_267' title='bbox 235 2097 304 2136; x_wconf 83' lang='lat' dir='ltr'>ego</span> <span class='ocrx_word' id='word_1_268' title='bbox 322 2085 371 2123; x_wconf 87' lang='lat' dir='ltr'>ad</span> <span class='ocrx_word' id='word_1_269' title='bbox 390 2085 461 2123; x_wconf 89' lang='lat' dir='ltr'>Cn.</span> <span class='ocrx_word' id='word_1_270' title='bbox 483 2086 711 2138; x_wconf 86' lang='lat' dir='ltr'>Pompeium</span> <span class='ocrx_word' id='word_1_271' title='bbox 730 2086 777 2124; x_wconf 80' lang='lat' dir='ltr'>&lt;le</span> <span class='ocrx_word' id='word_1_272' title='bbox 794 2086 890 2124; x_wconf 87' lang='lat' dir='ltr'>meis</span> <span class='ocrx_word' id='word_1_273' title='bbox 901 2088 1012 2124; x_wconf 90' lang='lat' dir='ltr'>rebus</span> <span class='ocrx_word' id='word_1_274' title='bbox 1023 2085 1148 2137; x_wconf 88' lang='lat' dir='ltr'>gestis,</span> <span class='ocrx_word' id='word_1_275' title='bbox 1163 2093 1200 2121; x_wconf 92' lang='lat' dir='ltr'>et</span> 
     </span>
     <span class='ocr_line' id='line_1_39' title="bbox 96 2136 1199 2189; baseline -0.001 -15"><span class='ocrx_word' id='word_1_276' title='bbox 96 2137 145 2174; x_wconf 85' lang='lat' dir='ltr'>de</span> <span class='ocrx_word' id='word_1_277' title='bbox 162 2138 314 2176; x_wconf 60' lang='lat' dir='ltr'>summa</span> <span class='ocrx_word' id='word_1_278' title='bbox 331 2139 546 2189; x_wconf 84' lang='lat' dir='ltr'>reipublicae</span> <span class='ocrx_word' id='word_1_279' title='bbox 563 2140 675 2177; x_wconf 82' lang='lat' dir='ltr'>misi:</span> <span class='ocrx_word' id='word_1_280' title='bbox 706 2147 741 2176; x_wconf 91' lang='lat' dir='ltr'>et</span> <span class='ocrx_word' id='word_1_281' title='bbox 760 2152 807 2177; x_wconf 88' lang='lat' dir='ltr'>ex</span> <span class='ocrx_word' id='word_1_282' title='bbox 826 2139 867 2177; x_wconf 61' lang='lat' dir='ltr'>ea</span> <span class='ocrx_word' id='word_1_283' title='bbox 885 2139 1026 2178; x_wconf 77' lang='lat' dir='ltr'>crimen</span> <span class='ocrx_word' id='word_1_284' title='bbox 1047 2136 1199 2187; x_wconf 82' lang='lat' dir='ltr'>aliquod</span> 
     </span>
    </p>
   </div>
  </div>
 </body>
</html>
