1435 2328
208 97 261 133 62
479 96 594 136 PRO
622 95 821 135 SULLA.
851 95 958 135 CAP.
991 96 1053 133 18.

211 202 395 241 inviolata
423 203 547 242 vestra
568 204 751 251 amicitia,
775 204 924 255 integro
951 203 1088 249 officio,
1114 203 1230 242 veteri
1260 213 1328 240 ex·

210 257 352 308 emplo‚
373 265 488 309 atque
506 258 680 296 instituto
699 258 834 309 optimi
853 259 1051 309 cujusque,
1072 257 1272 295 faciebant.

265 311 432 349 XVIII.
462 313 550 363 Ego
583 326 670 350 vero
707 312 847 363 quibus
880 311 1112 350 ornamentis
1149 311 1325 349 adversor

210 365 321 403 tuis?
351 374 418 403 aut
443 367 504 404 cui
533 366 709 417 dignitati
734 374 866 404 vestrae
884 367 1088 416 repugno?
1119 364 1228 412 Quid
1256 370 1325 412 est,

209 419 314 470 quod
329 421 411 468 jam
431 422 478 458 ab
498 421 570 458 hoc
589 429 742 471 expetas
757 423 774 458 ?
806 420 942 458 Honor
956 420 1004 457 ad
1023 427 1187 470 patrem,
1208 418 1328 468 insig-

210 473 275 511 nia
293 473 446 511 honoris
477 474 526 512 ad
551 482 587 512 te
607 474 730 512 delata
758 481 858 512 sunt.
888 474 968 519 Tu,
1001 481 1155 511 ornatus
1181 471 1330 510 exuviis

209 527 341 576 hujus,
363 528 466 566 venis
485 528 534 566 ad
553 541 642 566 eum
660 527 919 574 lacerandum,
940 540 1057 578 quem
1076 525 1325 565 interemisti:

210 594 280 631 ego
292 582 481 630 jacentem
497 590 534 620 et
549 582 753 633 spoliatum
769 581 930 619 defendo
945 589 981 619 et
995 589 1163 632 protego.
1192 581 1328 631 Atque

209 634 276 673 hic
308 642 352 672 tu
379 643 415 673 et
444 636 687 687 reprehendis
711 649 788 682 me,
817 636 908 686 quia
931 634 1149 683 defendam,
1170 641 1207 672 et
1235 634 1329 672 iras-

212 689 330 727 ceris:
363 702 433 739 ego
452 697 580 728 autem
607 702 684 727 non
702 689 817 727 modo
840 689 910 726 tibi
928 701 1005 727 non
1024 689 1177 736 irascor,
1198 688 1263 726 sed
1282 700 1331 726 ne

211 743 446 793 reprehendo
472 743 630 794 quidem
658 744 802 781 factum
833 750 958 780 tuum.
988 742 1048 780 Te
1071 742 1174 780 enim
1199 741 1329 780 existi—

210 809 276 834 mo
305 797 376 835 tibi
406 797 594 843 statuisse,
622 797 716 848 quid
742 797 960 835 faciendum
985 803 1153 848 putares,
1184 803 1222 834 et
1239 795 1330 834 satis

210 850 393 888 idoneum
412 851 525 889 officii
541 851 709 900 judicem
730 850 911 902 posuisse.

265 904 325 942 At
344 913 494 943 accusat
520 906 565 944 C.
587 906 755 944 Cornelii
773 905 889 953 filius,
916 904 1097 956 idemque
1114 904 1240 942 valere
1264 903 1330 941 de-

211 959 290 1005 bet,
312 972 355 997 ac
374 959 405 996 si
434 967 542 1010 pater
560 959 753 997 indicaret.
785 958 823 997 O
849 966 997 1010 patrem
1021 959 1245 996 Cornelium
1270 971 1331 996 sa-

211 1012 409 1063 pientem!
441 1013 523 1064 qui,
552 1013 656 1064 quod
688 1013 837 1064 praemii
871 1013 966 1051 solet
994 1025 1072 1051 esse
1103 1012 1143 1050 in
1175 1012 1330 1059 indicio,

210 1066 432 1118 reliquerit;
463 1068 567 1118 quod
597 1066 844 1118 turpitudinis
871 1067 911 1104 in
931 1066 1177 1113 confessione,
1205 1066 1245 1103 id
1264 1077 1331 1117 per

212 1120 491 1158 accusationem
521 1121 592 1158 filii
620 1121 834 1172 susceperit.
865 1121 941 1159 Sed
967 1120 1061 1171 quid
1084 1128 1140 1158 est
1158 1120 1329 1166 tandem,

213 1174 318 1225 quod
347 1174 489 1212 indicat
518 1188 586 1225 per
614 1175 733 1212 istum
758 1187 923 1225 puerum
954 1174 1188 1212 Cornelius?
1217 1173 1259 1212 Si
1277 1180 1333 1211 est

210 1240 324 1265 causa
354 1228 452 1265 mihi
483 1228 627 1278 ignota,
660 1242 747 1266 cum
782 1229 988 1266 Hortensio
1021 1227 1329 1273 communicata3

211 1282 436 1332 respondeat
467 1282 707 1320 Hortensius.
738 1282 807 1321 Sin
834 1290 877 1320 tu
904 1283 958 1320 ais
976 1282 1089 1319 illum
1108 1282 1331 1319 comitatum

212 1335 397 1373 Autronii
422 1343 459 1373 et
485 1335 674 1382 Catilinae,
702 1349 790 1374 cum
819 1336 859 1373 in
880 1336 1043 1387 Campo,
1071 1335 1332 1373 consularibus

211 1388 374 1426 comitiis
392 1402 478 1440 quae
497 1403 520 1427 a
538 1403 601 1427 me
618 1390 749 1428 habita
768 1397 871 1437 sunt,
893 1390 1034 1428 caedem
1053 1389 1175 1427 facere
1202 1389 1333 1427 volue-

213 1450 304 1479 runt
320 1457 331 1487 3
362 1443 600 1480 Autronium
614 1451 698 1481 tum
717 1444 756 1481 in
771 1444 920 1495 Campo
939 1444 1129 1482 vidimus:
1161 1449 1212 1490 et,
1229 1441 1334 1493 quod

212 1495 296 1533 dixi
314 1496 451 1534 vidisse
471 1499 499 1519 ‘⁶
514 1498 622 1546 nos,'’
649 1511 718 1548 ego
733 1498 810 1536 vidi
827 1513 836 1535 :
868 1511 934 1536 vos
946 1498 1049 1536 enim
1063 1505 1161 1544 tum,
1172 1496 1334 1546 judices,

214 1549 313 1587 nihil
331 1550 572 1599 laborabatis,
605 1563 729 1603 neque
752 1551 1057 1602 suspicabamini.
1087 1551 1189 1602 Ego,
1213 1557 1334 1588 tectus

214 1603 390 1654 praesidio
414 1605 525 1643 firmo
544 1606 770 1652 amicorum,
791 1606 968 1644 Catilinae
986 1612 1072 1643 tum
1092 1612 1130 1643 et
1151 1603 1336 1642 Autronii

212 1657 340 1708 copias
360 1664 396 1695 et
415 1666 592 1696 conatum
611 1660 779 1720 repressi.

270 1711 383 1748 Num
403 1713 488 1763 quis
517 1721 572 1751 est
595 1713 725 1763 igitur,
750 1713 818 1765 qui
843 1720 928 1751 tum
954 1712 1055 1752 dicat
1078 1712 1120 1750 in
1140 1712 1334 1763 Campum

215 1764 425 1825 adspirasse
455 1767 636 1805 Sullam?
666 1768 809 1819 Atqui,
839 1768 871 1805 si
890 1775 974 1805 tum
994 1780 1032 1805 se
1058 1780 1147 1805 cum
1167 1766 1336 1805 Catilina

216 1819 391 1857 societate
411 1821 557 1858 sceleris
587 1822 848 1870 conjunxerat,
869 1835 936 1860 cur
955 1823 1003 1859 ab
1023 1834 1066 1859 eo
1085 1820 1333 1859 discedebat?

214 1885 284 1910 cur
303 1885 391 1910 cum
409 1874 602 1912 Autronio
615 1887 692 1912 non
712 1878 821 1914 erat?
852 1888 931 1923 cur,
947 1875 987 1913 in
1007 1875 1090 1926 pari
1109 1874 1237 1916 causa,
1257 1886 1336 1912 non

214 1926 325 1977 paria
354 1927 462 1977 signa
497 1929 737 1979 reperiuntur
774 1929 942 1967 criminis
964 1931 981 1967 ,⁹
1022 1928 1112 1974 Sed,
1151 1927 1335 1979 quoniam

217 1979 418 2019 Cornelius
447 1981 529 2032 ipse
548 1983 663 2020 etiam
682 1995 784 2021 nunc
807 1983 853 2021 de
871 1983 1074 2021 indicando
1092 1982 1256 2026 dubitat,
1290 1988 1336 2020 ut

219 2033 357 2081 dicitis,
391 2034 572 2073 informat
605 2035 673 2085 [ad
702 2036 794 2089 hoc]
833 2037 1107 2075 adumbratum
1148 2035 1334 2074 indicium

219 2085 366 2135 [filimn
382 2090 416 2140 ς]
447 2089 542 2140 quid
560 2090 715 2127 tandem
735 2091 781 2128 de
795 2091 863 2128 illa
882 2098 990 2128 nocte
1008 2090 1113 2137 dicit,
1129 2102 1219 2128 cum
1237 2089 1337 2126 inter

217 2140 388 2179 falcarios
409 2143 456 2180 ad
476 2143 537 2181 M.
560 2144 729 2191 Laecam,
749 2152 859 2183 nocte
878 2145 936 2191 ea,
957 2158 1044 2196 quae
1063 2151 1262 2182 consecuta
1280 2149 1335 2180 est

218 2201 413 2244 posterum
432 2196 533 2236 diem
550 2198 754 2237 Nonarum
774 2199 966 2237 Novemb.
986 2211 1049 2237 me
1068 2198 1236 2244 consule,
1260 2196 1333 2235 Ca-
