1455 2343
222 92 301 135 374
489 89 602 128 PRO
632 87 836 128 COELIO.
867 86 973 126 CAP.
1002 86 1069 126 31.

220 199 453 244 batissimus,
473 206 518 236 ut
535 196 653 249 ipsius
671 196 888 235 testimonio
906 196 1144 247 cognoscetis.
1186 194 1334 241 Voluit,

221 260 346 291 vetere
372 251 561 300 instituto,
588 263 720 289 eorum
744 250 1038 289 adolescentium
1066 250 1241 300 exemplo
1268 250 1336 300 qui

221 314 308 360 post
325 306 365 344 in
385 306 534 344 civitate
552 305 694 343 summi
713 305 783 343 viri
801 312 838 343 ct
852 303 1050 343 clarissimi
1068 304 1166 342 cives
1184 303 1339 341 exstite-

221 368 326 408 runt,
346 360 573 398 industriam
592 372 701 397 suam
720 372 743 396 a
760 359 902 410 populo
922 360 1114 407 Romano,
1141 370 1188 395 ex
1206 356 1337 408 aliqua

222 414 362 452 illustri
380 414 628 459 accusatione,
649 413 834 463 cognosci.

278 467 440 506 XXXI.
470 467 623 506 Vellem
647 467 721 504 alio
747 466 873 516 potius
895 477 985 502 eum
1003 464 1189 515 cupiditas
1207 464 1340 515 gloriae

223 522 442 566 detulisset3
472 521 537 558 sed
555 520 649 558 abiit
661 520 778 568 hujus
796 527 948 569 tempus
966 518 1139 569 querelae.
1168 520 1340 556 Accusa-

224 576 279 614 vit
297 575 342 614 C.
363 574 596 620 Antonium,
617 573 800 623 collegam
817 584 948 609 meum
966 586 976 609 ι
1006 572 1068 609 cui
1086 571 1224 609 misero
1241 585 1338 622 prae-

224 629 315 668 clari
333 628 374 665 in
393 627 669 678 rempublicam
687 626 861 664 beneficii
871 625 1056 663 memoria
1066 625 1163 662 nihil
1181 625 1337 676 profuit,

223 682 353 722 nocuit
360 681 488 733 opinio
499 679 676 718 maleficii
688 680 852 730 cogitati.
867 679 1004 717 Postea
1011 678 1155 716 nemini
1162 679 1340 718 concessit

226 736 448 788 aequalium,
464 735 551 786 plus
562 742 607 772 ut
618 735 658 772 in
672 733 767 781 foro,
783 734 871 784 plus
885 740 929 771 ut
946 733 987 770 in
1002 732 1162 782 negotiis
1176 745 1340 771 versare-

226 798 302 839 tur,
313 789 512 840 causisque
519 788 745 835 amicorum,
754 788 842 839 plus
853 794 897 825 ut
907 787 1047 825 valeret
1054 788 1152 824 inter
1160 799 1245 824 suos
1256 800 1343 836 gra-

225 844 298 882 tia:
314 856 401 895 quae
413 843 485 880 nisi
498 842 696 893 vigilantes
706 842 894 888 homines,
903 840 976 878 nisi
985 840 1112 887 sobrii,
1126 840 1198 877 nisi
1209 840 1343 878 indus-

226 898 304 945 trii,
325 896 503 948 consequi
515 908 592 934 non
610 902 782 947 possunt,
799 895 929 933 omnia
943 894 1072 932 labore
1092 901 1130 931 et
1147 894 1345 945 diligentia

228 958 284 990 est
302 958 536 990 consecutus.
568 950 617 988 In
634 950 707 988 hoc
718 950 822 987 flexu
837 948 946 1000 quasi
960 947 1093 994 aetatis,
1111 947 1224 990 (nihil
1242 949 1345 986 enim

231 1005 443 1052 occultabo,
453 1005 572 1042 fretus
585 1003 826 1041 humanitate
840 1015 883 1040 ac
896 1002 1080 1053 sapientia
1087 1001 1226 1049 vestra)
1242 1001 1347 1040 fama

228 1058 474 1097 adolescentis
485 1058 648 1109 paulum
659 1057 769 1095 haesit
787 1057 836 1095 ad
849 1063 983 1101 metas,
1004 1055 1139 1093 notitia
1150 1054 1248 1093 novii
1258 1069 1347 1094 mu-

229 1113 344 1160 lieris,
366 1120 402 1150 et
420 1111 561 1150 infelici
580 1111 785 1157 vicinitate,
806 1118 843 1149 et
861 1108 1060 1148 insolentia
1077 1109 1317 1160 voluptatum
1333 1125 1348 1147 τ

231 1180 334 1218 quae,
355 1179 444 1205 cum
464 1166 619 1204 inclusae
630 1165 789 1212 diutius,
806 1171 843 1203 et
860 1164 986 1215 prima
1005 1170 1114 1201 aetate
1125 1176 1350 1214 compressae

230 1228 269 1259 et
283 1220 491 1259 constrictae
507 1220 678 1268 fuerunt,
699 1219 824 1257 subito
839 1231 877 1256 se
891 1229 1171 1268 nonnunquam
1188 1217 1348 1268 profun-

230 1274 329 1312 dunt
347 1282 463 1325 atque
488 1273 645 1323 ejiciunt
669 1273 867 1311 universae.
907 1271 1001 1318 Qua
1019 1284 1067 1309 ex
1081 1271 1173 1319 vita,
1193 1272 1268 1319 vel,
1288 1271 1346 1309 di-

229 1340 330 1376 cam,
362 1340 440 1379 quo
467 1341 516 1366 ex
549 1339 736 1375 sermone,
771 1325 1033 1377 (nequaquam
1063 1324 1167 1362 enim
1196 1331 1346 1363 tantum

232 1388 326 1427 erat,
355 1388 545 1432 quantum
572 1381 745 1418 homines
774 1380 1046 1430 loquebantur)
1066 1390 1198 1416 verum
1218 1391 1265 1417 ex
1288 1392 1345 1422 eo,

232 1435 423 1487 quidquid
443 1442 535 1483 erat,
556 1434 719 1481 emersit,
739 1440 942 1483 totumque
960 1445 999 1469 se
1023 1431 1131 1480 ejecit
1149 1438 1264 1483 atque
1282 1445 1349 1470 ex-

233 1488 322 1526 tulit
339 1503 348 1526 z
379 1495 609 1539 tantumque
637 1489 742 1525 abest
761 1488 809 1524 ab
836 1486 939 1523 illius
966 1485 1233 1524 familiaritatis
1250 1486 1350 1524 infa-

233 1541 326 1589 mia,
346 1549 391 1580 ut
409 1541 580 1591 ejusdem
605 1553 709 1579 nunc
733 1543 781 1579 ab
801 1552 879 1578 sese
903 1538 1123 1577 inimicitias
1141 1539 1355 1592 odiumque·

233 1596 440 1647 propulset.

288 1651 424 1701 Atque
443 1656 487 1687 ut
515 1649 587 1687 iste
611 1648 855 1700 interpositus
873 1660 996 1685 sermo
1014 1645 1234 1685 deliciarum
1254 1647 1354 1685 desi-

234 1704 383 1755 diaeque
411 1710 635 1751 moreretur,
663 1702 782 1750 (fecit,
815 1715 878 1740 me
906 1700 1122 1739 mehercule
1150 1700 1284 1749 invito,
1313 1709 1352 1739 et

234 1757 407 1796 multum
424 1764 675 1808 repugnante,
695 1756 761 1794 sed
778 1763 906 1793 tamen
935 1755 1040 1801 fecit)
1069 1767 1210 1792 nomen
1238 1755 1351 1793 amici

235 1811 312 1849 mei
331 1810 378 1848 de
392 1810 540 1848 ambitu
558 1810 695 1848 detulit
711 1824 720 1847 :
752 1822 868 1861 quem
887 1809 1105 1847 absolutum
1123 1808 1350 1860 insequitur,

235 1871 408 1903 revocate
431 1865 575 1902 nemini
593 1866 765 1901 nostrum
783 1865 1043 1914 obtemperat:
1066 1868 1121 1900 est
1138 1861 1354 1910 violentior,

237 1931 356 1970 quam
375 1917 526 1956 vellem.
555 1917 631 1956 Sed
649 1930 718 1968 ego
732 1929 810 1955 non
826 1917 962 1968 loquor
980 1915 1028 1954 de
1041 1915 1241 1967 sapientia,
1264 1929 1358 1966 quae

237 1984 315 2010 non
330 1971 430 2010 cadit
447 1972 488 2009 in
504 1972 604 2009 hanc
623 1978 772 2009 aetatem
789 1985 799 2008 ε
830 1970 877 2008 de
894 1969 1042 2021 impetu
1061 1968 1180 2007 animi
1201 1969 1352 2020 loquor,

237 2025 286 2064 de
305 2025 511 2078 cupiditate
525 2025 712 2073 vincendi,
733 2024 780 2062 de
795 2023 927 2062 ardore
944 2023 1084 2062 mentis
1101 2022 1151 2061 ad
1168 2022 1350 2074 gloriam:

240 2092 329 2130 quae
348 2079 473 2118 studia
490 2080 529 2117 in
548 2079 610 2118 his
634 2080 716 2129 jam
743 2078 920 2116 aetatibus
946 2076 1082 2115 nostris
1109 2077 1354 2115 contractiora

239 2145 318 2171 esse
336 2133 499 2176 debent;
530 2134 570 2171 in
595 2132 843 2171 adolescenti&
865 2144 966 2177 vero,
994 2137 1192 2181 tamquam
1213 2130 1251 2167 in
1270 2130 1362 2168 her·
