1435 2328
221 100 246 137 6
491 99 606 139 PRO
635 98 871 139 FLACCO.
901 98 1007 138 CAP.
1037 101 1075 137 5.

222 208 328 260 turpi
343 206 486 258 judicio
513 207 799 246 condemnatus.
829 207 943 246 Nihil
961 206 1074 254 dixit,
1094 207 1199 258 quod
1227 207 1344 247 laede-

223 270 281 300 ret
317 274 421 308 eum,
453 274 542 299 cum
574 269 727 312 cuperet
744 276 754 299 :
792 260 1025 312 impediebat
1061 262 1165 299 enim
1198 261 1344 313 religio.

225 316 378 354 Tamen
396 315 450 361 id,
471 315 576 365 quod
594 315 705 361 dixit,
722 322 866 366 quanto
885 327 974 353 cum
992 313 1151 365 pudore,
1173 328 1250 366 quo
1269 324 1346 354 tre-

226 383 334 408 more
367 376 403 407 et
431 369 588 419 pallore,
621 368 718 406 dixit
737 369 744 406 !
779 368 910 416 Quam
943 375 1116 419 promtus
1149 368 1265 407 homo
1296 369 1343 407 P.

229 423 465 475 Septimius!
498 436 616 473 quam
646 422 764 460 iratus
793 423 840 460 de
865 422 1023 471 judicio,
1055 430 1092 460 et
1111 422 1158 460 de
1186 423 1340 461 villico!

226 485 356 515 tamen
374 477 598 521 haesitabat3
629 483 756 514 tamen
778 477 859 525 ejus
877 489 910 513 11
912 476 1084 514 acundiae
1102 476 1234 527 religio
1249 489 1344 515 non-

225 543 428 582 nunquam
453 531 702 581 repugnabat.
734 530 920 568 Inimicus
953 530 1014 567 M.
1044 529 1198 577 Caelius,
1225 531 1347 582 quod,

226 598 315 623 cum
334 585 375 622 in
394 598 434 622 re
452 582 653 621 manifesta
670 582 839 634 putasset
856 583 961 621 nefas
981 596 1072 631 esse,
1093 583 1344 635 publicanum

222 639 393 689 judicare
413 645 542 676 contra
564 638 828 689 publicanum,
850 638 1023 675 sublatus
1043 645 1121 675 erat
1145 651 1165 675 e
1183 650 1344 676 numero

224 698 557 744 recuperatorum:
578 699 707 728 tamen
725 691 849 728 tenuit
867 703 919 739 se,
936 703 1060 752 neque
1078 691 1235 729 attulit
1224 704 1264 728 111
1280 693 1345 742 ju.

227 746 371 784 dicium
384 745 597 806 quidquam
612 745 660 782 ad
679 744 912 792 laedendum,
932 745 1005 782 nisi
1024 745 1272 783 voluntatem.

283 800 335 838 V.
366 799 424 836 Hi
443 799 474 837 si
506 799 630 836 Graeci
655 798 828 845 fuissent,
852 812 895 836 ac
918 798 991 836 nisi
1014 799 1132 836 nostri
1150 811 1273 837 mores
1303 812 1347 838 ac

227 853 427 905 disciplina
440 853 528 903 plus
547 852 714 890 valerent
733 865 851 903 quam
870 852 978 890 dolor
995 865 1038 890 ac
1057 852 1244 901 simultas,
1265 866 1349 891 om-

229 920 296 946 nes
316 921 354 946 se
373 907 565 958 spoliatos,
587 914 754 953 vexatos,
774 905 935 944 fortunis
955 919 1114 954 eversos,
1135 919 1213 944 esse
1231 906 1350 945 dixis-

230 971 325 1000 sent.
357 961 514 998 Graecus
539 959 656 1007 testis,
686 972 773 998 cum
800 960 845 998 ea
874 959 1069 998 voluntate
1091 960 1282 1011 processit,
1303 967 1349 999 ut

228 1015 357 1060 laedat,
377 1027 455 1052 non
481 1013 744 1064 jurisjurandi,
772 1014 838 1052 sed
855 1013 1032 1062 laedendi,
1053 1015 1168 1052 verba
1185 1014 1348 1053 medita-

229 1077 305 1108 tur.
335 1068 465 1115 Vinci,
485 1067 620 1113 refelli,
636 1067 802 1118 coargui
823 1074 934 1118 putat
952 1080 1032 1105 esse
1051 1067 1317 1118 turpissimum
1333 1083 1344 1107 ε

229 1123 278 1161 ad
297 1122 337 1160 id
365 1136 404 1160 se
423 1128 555 1173 parat:
585 1121 684 1158 nihil
705 1097 809 1160 aliud
838 1128 955 1159 curat.
987 1123 1124 1172 Itaque
1151 1134 1228 1159 non
1247 1123 1347 1173 opti-

228 1190 317 1215 mus
336 1176 511 1227 quisque,
537 1187 606 1212 nec
625 1174 882 1225 gravissimus,
910 1174 974 1213 sed
993 1174 1347 1237 impudentissimus

228 1229 608 1282 loquacissimusque,
642 1228 833 1278 deligitur.
863 1228 944 1267 Vos
964 1236 1108 1277 autem,
1132 1229 1171 1267 in
1190 1230 1347 1280 privatis

229 1284 481 1322 minimarum
500 1294 628 1320 rerum
644 1282 812 1331 judiciis,
833 1289 967 1320 testem
986 1282 1185 1333 diligenter
1204 1296 1346 1334 expen-

229 1338 329 1376 ditis.
359 1337 491 1375 Etiam
511 1335 543 1374 si
561 1335 725 1373 formam
741 1336 921 1383 hominis,
938 1336 969 1374 si
981 1349 1136 1382 nomen,
1151 1336 1182 1375 si
1201 1337 1346 1376 tribum

227 1391 360 1438 nostis,
382 1403 503 1428 mores
518 1396 646 1427 tamen
662 1389 913 1440 exquirendos
932 1390 1085 1441 putatis.
1116 1390 1198 1438 Qui
1216 1398 1346 1430 autem

231 1446 323 1484 dicit
352 1443 614 1483 testimonium
641 1455 689 1480 ex
717 1443 854 1481 nostriS
877 1443 1111 1492 hominibus,
1136 1451 1180 1482 ut
1205 1457 1242 1482 se
1264 1445 1346 1496 ipse

230 1498 440 1538 sustentat!
473 1504 516 1535 ut
541 1497 670 1534 omnia
696 1499 810 1535 verba
828 1497 1071 1536 moderatur!
1102 1505 1147 1535 ut
1161 1498 1284 1548 timet,
1297 1511 1347 1538 ne

229 1553 324 1605 quid
353 1551 503 1602 cupide,
535 1563 583 1588 ne
615 1550 709 1602 quid
740 1550 934 1600 iiaeunde,
960 1564 1009 1589 ne
1037 1551 1131 1602 quid
1153 1552 1242 1613 plus
1271 1553 1345 1590 mi-

226 1619 348 1646 nusve
366 1618 484 1656 quam
503 1604 552 1642 sit
573 1616 736 1652 necesse,
758 1604 882 1642 dicat!
916 1606 1026 1643 Num
1044 1605 1130 1644 illos
1160 1606 1252 1644 item
1271 1620 1345 1658 pu-

226 1660 348 1699 tatis?
378 1659 518 1710 quibus
545 1658 817 1706 jusjurandum
844 1659 953 1707 jocus
986 1666 1056 1706 est,
1083 1660 1345 1699 testimonium

227 1714 359 1760 ludus,
393 1711 621 1750 existimatio
663 1719 786 1749 vestra
822 1715 1012 1751 tenebrae.
1053 1713 1153 1762 laus,
1183 1726 1341 1761 merces,

228 1767 365 1819 gratia,
386 1765 589 1816 giatulatio
615 1766 808 1816 proposita
833 1773 888 1803 est
915 1767 1039 1804 omnis
1061 1767 1101 1804 in
1127 1767 1344 1818 impudenti

227 1820 438 1859 mendacio.
478 1818 554 1858 Sed
578 1831 654 1856 non
680 1819 846 1857 dilatabo
870 1820 1077 1858 orationem
1102 1833 1255 1858 meam.
1287 1829 1342 1859 et-

228 1875 332 1915 enim
351 1880 487 1934 potest
491 1885 546 1911 es
538 1886 569 1910 8
586 1872 748 1920 infinita,
769 1873 800 1910 si
826 1873 923 1910 mihi
942 1873 1059 1912 libeat
1077 1874 1192 1912 totius
1219 1875 1344 1925 gentis

225 1930 266 1967 in
286 1926 510 1966 testimoniis
529 1926 696 1964 dicendis
711 1926 898 1987 explicare
917 1927 1135 1966 vanitatem.
1165 1928 1241 1966 Sed
1254 1941 1343 1980 pro-

227 1983 316 2035 pius
336 1980 538 2019 accedam.
569 1980 616 2017 de
633 1980 693 2017 his
713 1980 845 2018 vestris
864 1980 1022 2018 testibus
1041 1981 1178 2019 dicam.

283 2035 562 2074 Vehementem
591 2041 845 2071 accusatorem
875 2034 975 2071 nacti
1004 2047 1153 2083 sumus,
1179 2035 1342 2086 judices,

228 2096 266 2129 et
283 2088 483 2126 inimicum
508 2087 548 2123 in
567 2086 672 2124 omni
697 2099 832 2137 genere
853 2087 1026 2125 odiosum
1046 2101 1089 2126 ac
1107 2088 1339 2127 molestum·
1327 2118 1340 2136 ,

230 2156 347 2196 quem
366 2154 473 2192 spero
491 2140 552 2178 his
571 2143 684 2178 rebus
709 2141 792 2178 fore
819 2153 962 2192 magno
979 2142 1068 2179 usui
1090 2149 1128 2180 et
1150 2142 1281 2181 amicis
1304 2150 1342 2182 et

228 2195 457 2250 reipublicae.
486 2193 562 2235 Sed
591 2198 689 2234 certe
716 2193 978 2235 inflammatus
996 2194 1206 2235 incredibili
1233 2196 1341 2248 cupi-
