1435 2328
226 64 278 99 38
480 61 592 100 PRO
623 60 846 100 FLACCO
889 61 994 100 CAP.
1044 64 1080 99 8.

231 169 291 207 via
306 168 451 218 judicia
467 181 537 220 pro
555 168 771 220 reipublicae
789 168 986 219 dignitate,
1006 169 1129 207 multa
1145 168 1192 206 de
1209 167 1343 217 conju-

226 231 394 261 ratorum
414 223 564 269 scelere,
577 222 726 261 fecistis.
757 223 848 261 Non
860 230 997 274 putant
1015 222 1106 261 satis
1123 233 1340 260 conversam

228 276 520 327 rempublicam,
540 276 612 314 nisi
630 276 670 313 in
690 277 863 314 eamdem
882 277 1088 327 impiorum
1103 287 1255 326 poenam
1273 287 1344 326 op-

227 330 320 368 time
333 330 487 368 meritos
503 329 601 368 cives
615 330 853 368 detruserint.
883 329 1101 381 Oppressus
1118 336 1175 367 est
1194 329 1238 367 C.
1253 328 1343 366 An-

228 384 366 422 tonius.
396 384 515 422 Esto:
536 384 671 422 habuit
685 384 894 435 quamdam
904 384 969 421 ille
983 383 1183 422 infamiam
1202 394 1338 420 suam:

227 449 352 488 neque
369 445 498 476 tamen
512 437 576 474 ille
595 437 674 488 ipse
695 442 780 488 (pro
805 450 890 475 meo
906 439 1006 487 jure,
1026 437 1127 484 dico)
1146 436 1252 475 vobis
1277 436 1343 484 ju-

228 491 374 530 dicibus
386 492 589 530 damnatus
601 499 714 536 esset3
736 492 844 540 cujus
857 490 1112 537 damnatione,
1126 490 1343 541 sepulcrum

228 545 277 583 L.
298 545 486 591 Catilinae,
514 545 669 583 floribus
694 552 886 591 ornatum,
911 545 1114 582 hominum
1139 543 1344 582 audacissi-

227 611 381 637 morum
400 613 443 637 ac
461 598 753 637 domesticorum
763 598 932 636 hostium
945 606 1132 651 conventu
1145 597 1344 648 epulisque

228 653 460 691 celebratum
473 659 542 690 est:
553 653 657 701 justa
668 652 767 690 facta
779 651 953 690 Catilinae
964 660 1064 691 sunt.
1079 652 1197 689 Nunc
1205 651 1347 689 aFlac-

228 720 271 745 co
284 706 442 744 Lentuli
460 719 580 757 poenae
598 719 665 757 per
683 719 749 743 vos
768 713 1009 756 expetuntur.
1039 705 1170 753 Quam
1189 705 1346 756 potestis

229 761 275 799 P.
292 761 473 806 Lentulo,
494 759 561 810 qui
580 772 661 806 vos,
684 760 725 796 in
751 760 954 809 complexu
982 759 1189 797 liberorum
1211 760 1345 808 conju-

228 827 399 865 gumque
422 822 632 851 vestrarum
656 812 874 859 trucidatos,
894 812 1067 851 incendio
1086 812 1218 863 patriae
1237 825 1346 863 sepe-

228 868 298 905 lire
316 874 472 906 conatus
497 874 567 913 est,
587 874 753 905 mactare
771 866 966 904 victimam
990 866 1206 917 gratiorem,
1227 878 1345 918 quam

231 922 267 959 si
293 922 342 959 L.
365 920 492 959 Flacci
516 921 701 971 sanguine
725 920 828 958 illius
853 919 1043 958 nefarium
1068 920 1109 958 in
1129 932 1198 958 nos
1216 932 1348 958 omnes

229 975 361 1013 odium
380 982 530 1012 saturav
533 974 664 1012 eritis?

283 1029 460 1066 Litemus
474 1028 591 1078 igitur
603 1027 795 1073 Lentu103
816 1035 1058 1079 parentemus
1077 1027 1268 1079 Cethego;
1289 1039 1349 1065 re-

231 1095 407 1122 vocemus
426 1082 585 1143 ejectos·
615 1082 744 1119 nimiae
761 1081 911 1132 pietatis
934 1089 970 1119 et
989 1081 1132 1119 summi
1150 1081 1288 1119 amoris
1305 1080 1346 1118 in

229 1136 394 1189 patriam
412 1135 575 1173 vicissim
594 1147 662 1173 nos
680 1148 823 1186 poenas,
844 1135 874 1172 si
889 1135 942 1172 ita
956 1136 1092 1186 placet,
1106 1135 1344 1173 sufferamus.

232 1191 317 1230 Nos
336 1190 419 1238 jam
444 1190 492 1227 ab
514 1188 702 1226 indicibus
727 1189 995 1226 nominamur·
1025 1188 1065 1226 in
1089 1200 1158 1226 nos
1189 1188 1348 1227 crimina

230 1246 456 1294 finguntur:
487 1242 596 1280 nobis
616 1243 784 1292 pericula
802 1250 1082 1293 comparantur.
1110 1242 1211 1289 Quae
1230 1242 1262 1280 si
1267 1255 1349 1302 'per

231 1297 323 1335 alios
343 1303 521 1346 agerent3
551 1296 583 1333 si
601 1296 777 1347 denique,
793 1309 860 1346 per
877 1296 1011 1361 populi
1029 1308 1184 1343 nomen,
1205 1295 1348 1334 civium

229 1349 493 1402 imperitorum
504 1349 793 1387 multitudinem
805 1350 1074 1395 concitassent3
1092 1350 1256 1401 aequiore
1267 1349 1350 1387 ani-

232 1417 295 1442 mo
313 1403 410 1441 ferre
423 1416 631 1454 possemus.
663 1404 768 1440 Illud
780 1416 867 1441 vero
878 1403 968 1440 ferri
981 1415 1058 1441 non
1077 1411 1214 1454 potest,
1227 1403 1346 1454 quod,

232 1471 299 1509 per
318 1464 504 1495 senatores
530 1463 566 1494 et
587 1470 655 1507 per
679 1457 823 1508 equites
843 1458 1052 1503 Romanos,
1074 1457 1142 1508 qui
1165 1456 1248 1495 haec
1266 1469 1350 1494 om-

231 1512 309 1559 nia,
325 1523 394 1562 pro
406 1511 528 1548 salute
539 1510 726 1559 omnium,
743 1511 938 1548 communi
949 1511 1118 1558 consilio,
1132 1510 1212 1548 una
1222 1517 1351 1549 mente

234 1574 348 1616 atque
366 1564 504 1602 virtute
527 1572 734 1615 gesserunt,
754 1565 894 1602 harum
918 1577 1047 1602 rerum
1073 1571 1257 1611 auctores,
1277 1564 1351 1601 du-

233 1633 306 1659 ces
332 1617 534 1669 principes,
561 1618 712 1669 spoliari
730 1619 908 1656 omnibus
926 1617 1102 1667 fortunis,
1125 1624 1240 1669 atque
1258 1617 1350 1655 civi-

236 1679 313 1711 tate
343 1671 496 1723 expelli,
507 1684 625 1733 posse
650 1672 892 1710 arbitrantur.
934 1672 1092 1710 Etenim
1115 1671 1250 1723 populi
1268 1671 1351 1708 Ro-

233 1726 339 1764 mani
358 1725 590 1776 perspiciunt
604 1726 685 1774 jam
705 1734 873 1764 mentem
888 1726 1198 1764 etvzoluntatem
1225 1724 1350 1763 omni-

234 1783 307 1819 bus
326 1781 452 1826 rebus,
480 1779 619 1830 quibus
637 1786 773 1830 potest,
799 1780 966 1840 populus
987 1780 1187 1818 Romanus
1205 1777 1351 1829 signifi-

235 1840 308 1879 cat,
337 1832 431 1884 quid
461 1833 622 1870 sentiat:
658 1833 766 1871 nulla
787 1833 946 1871 varietas
974 1840 1030 1871 est
1051 1833 1150 1870 inter
1177 1831 1350 1870 homines

236 1886 439 1948 opinionis,
465 1887 574 1923 nulla
592 1886 809 1932 voluntatis,
836 1887 945 1924 nulla
969 1886 1163 1925 sermonis.
1203 1885 1349 1933 Quare,

236 1941 268 1980 si
290 1940 376 1992 quis
400 1939 492 1977 illuc
514 1953 577 1977 me
597 1947 717 1988 vocat,
742 1940 876 1978 venio·
907 1941 1096 1991 populum
1127 1940 1352 1978 Romanum

236 1994 523 2045 disceptatorem
551 2005 627 2030 non
651 1993 766 2031 modo
793 2006 869 2031 non
891 2007 1035 2041 recuso,
1060 1993 1125 2032 sed
1147 1993 1261 2031 etiam
1287 1992 1352 2030 de-

236 2061 361 2100 posco.
399 2046 472 2085 Vis
500 2047 620 2085 absit:
651 2047 796 2085 ferrum
821 2060 865 2086 ac
891 2047 1035 2099 lapides
1060 2054 1348 2085 removeantur.

236 2115 359 2153 operae
377 2100 586 2139 facessant=
619 2100 768 2139 servitia
787 2101 932 2139 sileant.
961 2101 1090 2139 Nemo
1109 2100 1178 2139 erit
1195 2107 1276 2138 tam
1293 2099 1353 2136 in—

233 2157 373 2204 justus,
394 2154 462 2206 qui
480 2167 543 2194 me
562 2154 736 2204 audierit,
749 2154 815 2198 (sit
829 2155 943 2194 modo
961 2154 1056 2195 liber
1076 2162 1113 2193 et
1131 2153 1238 2199 civis)
1258 2152 1351 2204 quin
