1435 2328
175 64 227 100 58
447 63 560 103 PRO
588 63 786 104 SULLA.
818 64 923 104 CAP-
961 65 1002 102 Η

174 170 348 218 arbitror,
367 182 463 208 num
491 179 676 222 purgetur
693 172 856 223 aliquis;
886 172 952 210 sed
973 183 1070 210 num
1094 178 1286 222 arguatur.

174 223 347 273 Etenim,
371 237 458 263 cum
477 234 591 275 negat
609 238 649 264 se
668 227 760 265 scire
779 226 946 273 Cassius,
966 233 1098 263 utrum
1117 225 1290 264 sublevat

174 276 338 326 Sullam,
366 291 414 316 an
444 279 531 317 satis
559 281 693 330 probat
712 293 750 318 se
774 280 945 318 nescire?
975 280 1157 318 Sublevat
1187 279 1290 330 apud

176 330 319 369 Gallos.
347 331 454 379 Quid
466 333 549 371 ita?
579 346 626 371 ne
638 334 804 372 indicent
821 336 837 372 ?
863 333 1002 380 Quid?
1031 333 1062 371 si
1075 332 1289 384 periculum

174 396 252 422 esse
277 386 459 436 putasset,
484 399 532 424 ne
557 387 614 424 illi
635 400 809 438 unquam
831 387 1066 432 indicarent3
1096 386 1142 424 de
1168 386 1289 437 seipso

173 437 364 477 confessus
393 443 523 478 esset?
554 441 734 479 Nescivit.
767 441 903 488 Credo,
931 440 1092 490 judices,
1123 440 1287 478 celatum

173 503 251 529 esse
277 493 453 531 Cassium
481 494 527 531 de
554 495 663 532 Sulla
688 508 789 533 uno:
821 507 911 532 nam
945 494 991 532 de
1017 493 1159 532 caeteris
1189 500 1288 532 certe

173 544 313 584 sciebat
329 561 340 592 ς
373 555 408 585 et
429 561 472 585 ea
491 548 595 585 domi
613 549 694 597 ejus
716 549 898 600 pleraque
916 547 1078 586 conflata
1097 561 1174 586 esse
1199 559 1288 585 con-

173 600 306 637 stabat.
338 600 419 648 Qui
438 614 575 651 negare
594 602 717 640 noluit
729 615 807 640 esse
820 602 861 639 in
881 615 923 640 eo
942 614 1102 639 numero
1120 601 1285 648 Sullam,

172 665 250 703 quo
268 654 355 704 plus
374 655 453 705 spei
473 655 596 693 Gallis
615 655 734 703 daret,
761 656 882 694 dicere
901 662 1029 693 autem
1047 655 1191 693 falsum
1209 667 1286 692 non

172 719 287 744 ausus
307 716 375 755 est,
400 708 541 746 nescire
560 709 668 746 dixit.
698 709 825 760 Atqui
849 709 920 747 hoc
942 709 1186 760 perspicuum
1216 715 1285 756 est,

172 772 262 797 cum
293 761 338 809 is,
373 762 441 812 qui
474 761 520 800 de
545 763 724 801 omnibus
755 763 890 810 scierit,
918 763 965 800 de
996 763 1105 800 Sulla
1128 775 1166 800 se
1195 762 1286 800 scire

171 814 349 864 negarim
381 815 555 853 eamdem
580 816 658 854 vim
685 830 764 855 esse
782 816 991 867 negationis
1010 816 1141 865 hujus,
1169 828 1286 867 quam

171 867 216 913 si,
239 875 346 905 extra
368 869 667 917 conjurationem
693 871 796 908 hunc
822 884 913 918 esse,
940 883 979 908 se
999 870 1090 908 scire
1115 869 1284 907 dixisset.

172 921 293 968 Nam,
321 924 430 971 cujus
464 923 660 961 scientiam
693 924 740 962 de
772 924 949 964 omnibus
982 930 1125 962 constat
1154 922 1283 970 fuisse,

169 975 252 1023 ejus
270 974 456 1025 ignoratio
479 976 526 1014 de
548 978 690 1029 aliquo,
717 978 894 1028 purgatio
919 978 1030 1015 debet
1049 977 1178 1014 videri.
1209 976 1285 1014 Sed

163 1029 247 1076 jam
279 1041 356 1067 non
387 1043 529 1081 quaero,
563 1040 749 1082 purgetne
782 1031 935 1070 Cassius
967 1031 1142 1069 Sullam:
1185 1029 1284 1068 illud

169 1082 266 1120 mihi
295 1090 446 1121 tantum
469 1084 557 1123 satis
584 1092 652 1134 est,
682 1092 811 1123 contra
840 1085 990 1124 Sullam
1015 1084 1113 1122 nihil
1139 1096 1217 1122 esse
1241 1083 1282 1121 in

169 1135 320 1175 indicio.

220 1189 340 1228 XIV.
370 1190 565 1229 Exclusus
579 1192 651 1230 hac
669 1191 943 1239 criminatione,
964 1192 1185 1242 Torquatus
1198 1204 1282 1228 rur-

168 1256 232 1280 sus
250 1243 290 1280 in
304 1256 368 1281 me
386 1244 519 1289 irruit;
550 1258 613 1283 me
632 1254 804 1284 accusat:
835 1245 903 1293 ait,
918 1259 981 1283 me
1000 1245 1120 1292 aliter,
1141 1257 1184 1282 ac
1203 1245 1282 1282 dic-

167 1304 253 1334 tum
273 1305 341 1343 est,
361 1310 401 1334 m
414 1274 564 1336 tabulas
583 1300 755 1350 publicas
769 1299 950 1338 retulisse.
982 1299 1020 1337 O
1042 1299 1134 1336 Dii
1124 1311 1282 1336 immor-

168 1349 290 1388 tales!
324 1354 363 1393 (x
366 1351 446 1388 obis
476 1352 578 1389 enim
605 1354 787 1399 tribuam,
817 1366 904 1404 quae
923 1360 1044 1390 vestra
1069 1360 1184 1396 sunt3
1214 1363 1285 1389 nec

167 1415 256 1441 vero
285 1417 442 1454 possum
473 1418 558 1443 meo
590 1414 741 1444 tantum
767 1406 920 1457 ingenio
939 1407 1041 1452 dare,
1061 1413 1106 1444 ut
1134 1412 1190 1444 tot
1209 1418 1280 1452 res,

167 1463 304 1517 tantas,
326 1466 406 1495 tam
425 1459 559 1505 varias,
580 1467 659 1497 tam
679 1461 907 1511 repentinas,
938 1460 978 1497 in
997 1460 1065 1497 illa
1083 1459 1282 1497 turbulen-

166 1510 314 1548 tissima
333 1519 554 1562 tempestate
582 1514 680 1565 reip
668 1515 814 1562 1blicae,
843 1527 928 1551 mea
958 1520 1091 1564 sponte
1109 1513 1283 1564 dispexe-

166 1563 256 1611 rim)
283 1578 348 1602 vos
377 1565 544 1615 profecto
568 1568 742 1606 animum
761 1581 892 1606 meum
915 1574 999 1604 tum
1018 1565 1282 1604 conservandae

165 1618 297 1667 patriae
323 1618 528 1669 cupiditate
550 1621 792 1660 incendistis:
824 1635 890 1659 vos
917 1633 994 1668 me,
1026 1622 1074 1658 ab
1102 1619 1280 1657 omnibus

165 1671 307 1709 caeteris
327 1672 630 1722 cogitationibus,
661 1675 711 1712 ad
733 1687 851 1712 unam
871 1676 1033 1712 salutem
1061 1673 1280 1724 reipublicae

164 1725 422 1763 convertistis:
454 1739 518 1765 vos
549 1728 725 1779 denique,
748 1729 789 1766 in
812 1728 925 1767 tantis
955 1727 1118 1765 tenebris
1148 1725 1280 1765 erroris

165 1785 203 1815 et
227 1778 445 1827 inscientiae,
473 1782 726 1820 clarissimum
754 1783 887 1820 lumen
911 1780 1130 1833 praetulistis
1159 1779 1281 1818 menti

164 1843 271 1869 meae.

220 1885 314 1923 Vidi
333 1899 402 1937 ego
419 1888 505 1934 hoc,
523 1889 683 1937 judices,
705 1889 791 1936 nisi,
816 1889 954 1927 recenti
973 1886 1156 1926 memoria
1173 1899 1281 1926 sena-

165 1939 239 1985 tus,
266 1942 527 1979 auctoritatem
557 1942 674 1991 hujus
697 1943 826 1980 indicii
852 1943 1096 1980 monimentis
1119 1941 1282 1993 publicis

167 1998 325 2031 testatus
351 2007 485 2041 essem,
505 1996 599 2042 fore,
628 2004 672 2034 ut
697 1996 916 2047 aliquando,
942 2009 1018 2034 non
1045 1996 1280 2046 Torquatus,

167 2057 290 2097 neque
309 2047 499 2100 Torquati
521 2050 713 2100 quispiam
738 2050 885 2097 similis,
907 2053 1014 2093 (nam
1032 2049 1073 2087 id
1097 2062 1160 2086 me
1178 2047 1281 2086 mul-

167 2106 251 2137 tum
280 2101 430 2149 fefellit)
457 2103 523 2141 sed
551 2110 595 2140 ut
621 2104 774 2155 aliquis,
801 2103 1031 2155 patrimonio
1058 2102 1280 2152 naufragus,

166 2152 342 2193 inimicus
370 2156 452 2203 otii,
486 2158 674 2195 bonorum
709 2157 840 2206 hostis,
873 2158 982 2196 aliter
1006 2156 1172 2195 indicata
1201 2155 1283 2193 haee
