1389 2339
251 106 326 145 DE
356 107 621 147 PROVINC.
653 107 885 147 CONSUL.
915 106 1019 145 CAP.
1041 108 1078 145 4.
1145 108 1217 145 381

129 210 261 262 Atque
277 214 374 253 hanc
394 214 672 259 Macedoniam,
688 215 839 252 domitis
855 216 936 263 jam
949 214 1124 273 gentibus
1138 213 1223 251 fini-

129 264 244 312 timis,
263 268 512 318 barbariaque
529 281 753 318 compressa,
772 274 943 319 pacatam
961 267 1083 317 ipsam
1101 279 1168 326 per
1181 273 1225 304 se

130 326 166 353 et
177 318 358 368 quietam,
375 321 478 358 tenui
491 321 676 372 praesidio,
693 328 805 380 atque
816 333 953 370 ex1gua
963 332 1096 363 manu,
1111 319 1224 357 etiam

128 370 207 408 sine
224 371 397 423 imperio,
417 387 483 424 per
500 375 653 424 legatos,
670 374 822 411 nomine
838 373 919 424 ipso
932 373 1063 424 populi
1083 373 1227 410 Roma-

127 423 181 467 ni,
211 427 438 464 tuebamur·
469 440 554 478 quae
586 440 686 465 nunc
712 426 898 465 consulari
927 425 1084 476 imperio
1113 433 1228 476 atque

128 478 292 516 exercitu
310 479 363 517 ita
381 488 515 518 vexata
533 488 601 528 est,
615 481 678 518 vix
697 488 741 517 ut
759 493 797 518 se
814 479 929 530 possit
947 479 1125 516 diuturna
1137 491 1228 529 pace

127 541 316 569 recreare·
348 545 435 570 cum
449 533 603 580 interea,
618 533 701 583 quis
716 536 877 570 vestrum
892 532 963 570 hoc
977 544 1051 569 non
1067 532 1225 578 audivit,

128 583 213 631 quis
241 584 403 634 ignorat,
433 586 594 624 Achaeos
622 587 812 637 ingentem
840 585 1038 636 pecuniam
1067 584 1229 635 pendere

131 635 177 672 L·
199 637 328 676 Pisoni
343 640 575 688 quotannis?
604 653 627 677 v
630 640 762 689 ectigal
776 652 819 677 ac
833 639 1040 690 portorium
1056 637 1227 688 Dyrrha-

129 689 326 728 chinorum
352 699 475 729 totum
494 692 533 729 in
553 693 667 741 hujus
691 692 804 729 unius
829 699 1018 742 quaestum
1043 703 1120 728 esse
1140 703 1222 728 con-

129 746 311 782 versum?
341 746 473 782 urbem
493 746 781 805 Byzantiorum,
795 744 899 782 vobis
917 753 1030 794 atque
1046 744 1164 781 huic'
1154 756 1228 780 1111-

125 795 230 845 perio
242 796 511 843 fidelissimam,
524 798 720 836 hostilem
711 811 750 834 111
763 798 919 835 modum
931 810 1009 835 esse
1023 799 1226 834 vexatam?

126 861 203 897 quo
221 849 298 894 ille,
319 858 564 911 posteaquam
591 851 686 888 nihil
712 851 918 901 exprimere
944 852 991 888 ab
1017 850 1225 900 egentibus,

126 901 223 938 1111111
241 903 311 940 11Πί
300 919 320 940 -1
340 903 377 940 vi
396 917 418 941 a
435 904 581 941 miseris
604 912 824 954 extorquere
841 904 979 954 potuit,
1000 903 1196 941 cohortes
1185 915 1226 939 111

126 954 282 992 hiberna
300 957 425 994 misit:
455 957 514 994 his
532 970 718 1007 praeposux
708 966 748 1002 t,
769 970 863 1016 quos
880 956 1028 1007 putavit
1046 956 1125 993 fore
1143 955 1230 992 dili-

126 1008 360 1055 gentissimos
372 1010 547 1047 satellites
561 1011 755 1055 scelerum,
772 1010 961 1046 ministros
980 1009 1229 1059 cupiditatum

127 1073 294 1098 suarum.
324 1061 476 1100 Omitto
488 1062 783 1110 jurisdictionem
798 1063 837 1099 in
852 1063 969 1099 libera
983 1062 1130 1099 civitate
1141 1073 1232 1099 0011-

127 1120 184 1150 tra
201 1114 302 1164 leges
321 1118 545 1166 senatusque
563 1115 733 1153 consulta
750 1129 760 1152 ε
790 1115 907 1152 caedes
918 1114 1113 1165 relinquo;
1143 1114 1231 1152 libi..

127 1166 232 1204 dines
254 1176 460 1218 111-101010ος
490 1180 653 1218 quarum
678 1168 961 1205 acerbissimum
987 1175 1109 1204 exstat
1131 1167 1230 1204 indi-

127 1219 244 1266 cium,
282 1228 319 1258 et
350 1221 398 1257 ad
434 1221 620 1271 insignem
653 1220 875 1258 memoriam
904 1220 1162 1270 turpitudinis,
1194 1227 1231 1257 et

128 1285 236 1322 paene
255 1273 302 1310 ad
318 1274 466 1322 justum
483 1273 632 1323 imperii
651 1273 767 1311 nostri
785 1273 929 1319 odium,
951 1272 1053 1323 quod
1071 1279 1229 1317 constat,

129 1326 379 1363 nobilissimas
397 1326 559 1376 virgines
578 1339 616 1364 se
635 1326 673 1363 in
693 1334 824 1376 puteos
843 1327 1033 1374 abjecisse,
1053 1332 1090 1363 et
1110 1333 1233 1363 morte

131 1379 343 1416 voluntaria
361 1380 607 1417 necessariam
627 1378 900 1429 turpitudinem
919 1378 1119 1429 depulisse.
1148 1378 1232 1416 Nec

130 1432 210 1470 haec
238 1431 374 1470 idcirco
405 1432 551 1478 omitto,
580 1432 682 1482 quod
707 1444 782 1469 non
809 1431 1029 1482 gravissima
1053 1431 1141 1481 sint,
1168 1431 1234 1469 sed.

132 1485 222 1534 quia
240 1497 341 1522 nunc
359 1485 438 1522 sine
456 1492 548 1523 teste
566 1485 659 1523 dico.

187 1538 260 1575 IV.
292 1538 421 1588 Ipsam
442 1551 528 1576 vero
545 1540 679 1575 urbem
693 1539 966 1589 Byzantiorum
985 1538 1100 1576 fuisse
1119 1537 1232 1576 refer-

133 1590 316 1628 tissimam
342 1599 456 1641 atque
480 1591 755 1629 ornatissimam
784 1591 912 1642 signis,
939 1591 1034 1651 quis·
1052 1591 1232 1641 ignorat?

134 1657 220 1693 quae
238 1644 307 1689 illi,
329 1644 501 1681 exhausti
519 1645 706 1682 sumtibus
728 1645 912 1694 bellisque
933 1644 1124 1690 maximis,
1145 1655 1233 1681 cum

137 1696 442 1734 Mithridaticos'
432 1705 609 1756 impetus,
625 1706 822 1748 totumque
842 1698 1009 1734 Pontum
1028 1703 1234 1742 annatum,

137 1749 469 1787 effervescentem
458 1762 497 1786 111
526 1750 662 1788 Asiam
691 1759 804 1801 atque
830 1757 1105 1801 erumpentem,
1137 1761 1235 1799 aegre

135 1802 343 1852 repulsum,
359 1810 396 1840 et
409 1803 610 1841 cervicibus
622 1803 866 1841 interclusum
880 1803 970 1849 suis,
986 1802 1234 1847 sustinerent3

137 1865 235 1902 tum,
255 1855 427 1905 inquam,
448 1856 638 1906 Byzantii,
659 1863 695 1894 et
712 1864 853 1907 postea,
873 1856 979 1906 signa
996 1855 1075 1903 illa,
1096 1862 1133 1893 et
1150 1855 1237 1892 reli·

138 1921 216 1958 qua
238 1908 342 1945 urbis
365 1916 596 1955 ornamenta,
628 1909 856 1947 sanctissime
880 1908 1076 1953 custodita,
1106 1915 1238 1946 tenue-

140 1968 252 1998 runt:
278 1968 315 1998 te
344 1961 566 2012 imperatore
589 1962 842 2000 infelicissimo
868 1969 904 1999 et
928 1961 1132 2007 teterrimo,
1151 1961 1236 1999 Cae-

141 2014 269 2050 sonine
288 2013 474 2061 Calventi,
494 2015 622 2052 civitas
637 2015 769 2062 libera,
783 2023 820 2052 et
837 2014 1018 2065 proximis
1036 2014 1112 2051 suis
1124 2015 1237 2052 bene-

141 2066 232 2104 ficiis
254 2079 277 2103 a
295 2076 425 2104 senatu
445 2075 481 2104 et
499 2081 522 2105 a
540 2069 680 2118 populo
701 2069 876 2105 Romano
893 2067 1061 2113 liberata,
1082 2067 1133 2104 sic
1151 2079 1238 2119 spo·

100 2148 106 2152 .
142 2119 232 2156 liata
248 2127 363 2169 atque
380 2119 523 2158 nudata
540 2128 610 2167 est,
631 2130 687 2166 ut,
707 2120 779 2158 nisi
798 2120 843 2158 C.
857 2120 1055 2171 Virgilius,
1074 2120 1234 2170 legatus,

141 2171 197 2212 vir
228 2172 332 2210 fortis
363 2180 399 2210 et
427 2173 616 2221 innocens,
641 2174 910 2221 intervenisset,
940 2185 1062 2211 unum
1086 2172 1239 2224 signum
