1425 2334
372 330 542 379 POST
576 331 883 379 REDITUM
917 331 954 378 Ι.

113 479 117 483 .
165 443 198 481 Ι.
227 445 290 490 SI,
310 452 433 495 patres
461 446 673 497 conscripti,
693 459 762 496 pro
785 444 915 483 vestris
933 444 1212 482 immortalibus

108 493 149 532 in
167 509 230 534 me
258 497 489 550 fratremque
510 513 639 537 meum
658 500 869 559 liberosque
892 506 1036 535 nostros
1054 497 1211 543 meritis,

106 561 244 599 parum
271 551 376 589 vobis
394 553 585 590 cumulate
603 553 740 612 gratias
760 565 896 602 egero3
927 564 1067 601 quaeso,
1087 552 1213 587 obtes-

107 608 254 653 torque,
284 616 332 642 ne
360 618 455 643 meae
483 614 628 643 naturae
645 606 784 656 potius,
815 617 931 656 quam
954 603 1210 654 magnitudini

106 663 315 698 vestrorum
329 658 614 719 beneficiorum,
623 659 663 696 id
673 658 916 696 tribuendum
928 657 1078 708 putetis.
1109 656 1210 702 Quae

104 708 208 746 enim
244 717 350 748 tanta
384 718 506 762 potest
538 712 712 750 exsistere
747 713 897 748 ubertas
928 710 1084 760 ingemi,
1124 722 1211 759 quae

106 767 213 799 tanta
230 762 379 801 dicendi
396 765 516 815 copia,
543 765 645 816 quod
663 772 742 802 tam
770 764 942 801 divinum
961 772 1075 813 atque
1093 762 1213 800 incre-

107 813 224 852 dibile
236 828 355 866 genus
374 818 562 864 orationis,
583 830 659 868 quo
679 817 880 868 quisquam
899 816 1014 867 possit
1033 823 1154 853 vestra
1172 815 1212 852 in

106 878 176 905 nos
194 869 366 908 universa
383 871 597 920 promerita,
611 883 687 909 non
706 871 828 908 dicam
844 869 1041 919 complecti
1053 868 1210 914 orando,

107 920 172 961 Sed
190 933 403 972 percensere
425 924 691 962 numerando?
720 923 787 983 qui
808 923 904 960 mihi
927 923 1083 959 fratrem
1102 930 1211 971 opta-

105 973 310 1023 tissimum,
329 989 392 1013 me
413 976 520 1014 fratri
544 977 815 1037 amantissimo,
839 975 966 1013 liberis
988 974 1122 1012 nostris
1140 987 1210 1024 pa-

104 1034 241 1074 rentes,
261 1029 370 1067 nobis
392 1030 558 1075 liberos;
589 1030 656 1080 qui
673 1029 910 1079 dignitatem,
939 1028 1006 1078 qui
1024 1028 1209 1088 ordinem,

104 1079 173 1130 qui
197 1080 380 1128 fortunas,
414 1083 482 1133 qui
510 1083 784 1133 amplissimam
816 1081 1106 1140 rempublicam,
1144 1081 1212 1130 qui

103 1133 282 1182 patriam,
313 1148 390 1185 qua
419 1136 516 1172 nihil
542 1143 664 1186 potest
683 1148 760 1173 esse
775 1134 995 1184 jucundius,
1017 1134 1083 1184 qui
1107 1133 1214 1171 deni-

105 1197 181 1235 que
199 1196 345 1225 nosmet
361 1188 474 1238 ipsos,
494 1189 602 1226 nobis
621 1188 844 1226 reddidistis.

159 1239 276 1286 Quod
290 1240 320 1278 si
331 1249 502 1291 parentes
517 1241 725 1279 carissimos
743 1241 881 1278 habere
896 1240 1092 1300 debemus,
1110 1239 1214 1290 quod

103 1278 216 1330 abiis
234 1293 342 1331 nobis
367 1295 456 1340 vita,
476 1294 762 1345 patrimonium,
793 1294 959 1341 libertas,
984 1293 1112 1330 civitas
1135 1301 1211 1330 tra-

104 1343 184 1387 dita
213 1352 294 1392 est;
325 1346 356 1384 si
380 1347 483 1385 Deos
511 1348 755 1394 immortales,
781 1359 944 1398 quorum
974 1345 1154 1384 beneficio
1174 1353 1211 1383 et

104 1397 186 1440 haec
204 1399 409 1447 tenuimus,
436 1407 472 1438 et
491 1401 630 1439 caeteris
648 1402 760 1438 rebus
782 1400 884 1437 aucti
903 1412 1060 1443 sumus3
1092 1399 1124 1436 si
1142 1411 1214 1449 po-

105 1451 242 1501 pulum
273 1453 509 1514 Romanum,
540 1455 649 1503 cujus
679 1454 885 1491 honoribus
909 1453 949 1491 in
975 1451 1210 1512 amplissimo

105 1505 274 1553 consilio,
305 1514 342 1544 et
369 1507 409 1544 in
439 1507 620 1544 altissimo
645 1507 765 1557 gradu
791 1505 997 1556 dignitatis,
1029 1513 1142 1565 atque
1171 1505 1211 1542 in

107 1556 179 1595 hac
197 1559 370 1597 omnium
382 1567 567 1597 terrarum
581 1573 677 1607 arce,
694 1559 863 1598 collocati
878 1571 1036 1603 sumus3
1066 1559 1097 1595 si
1111 1558 1213 1596 hunc

107 1608 236 1661 ipsum
264 1612 449 1660 ordinem,
476 1626 499 1650 a
523 1625 600 1664 quo
630 1626 727 1664 saepe
751 1611 1130 1662 magnificentissimis
1149 1611 1214 1648 de-

108 1664 217 1703 cretis
235 1677 366 1703 sumus
385 1665 594 1711 honestati;
626 1666 857 1703 immensum
871 1665 1054 1716 quiddam
1073 1672 1109 1702 et
1127 1664 1214 1700 infi-

106 1715 234 1756 nitum
252 1726 320 1766 est,
341 1719 444 1769 quod
461 1719 565 1757 vobis
585 1719 779 1767 debemus,
794 1719 874 1769 qui,
889 1726 1009 1756 vestro
1028 1717 1212 1767 singulari

109 1769 234 1811 studio
252 1778 366 1822 atque
384 1784 580 1820 consensu,
603 1774 802 1823 parentum
821 1771 1013 1819 beneficia,
1039 1770 1211 1808 Deorum

110 1822 383 1862 immortalium
401 1837 574 1871 munera,
597 1825 730 1876 populi
755 1824 923 1862 Romani
939 1824 1112 1871 honores,
1132 1836 1214 1861 ves-

110 1881 169 1916 tra
193 1875 240 1914 de
257 1888 319 1917 me
346 1878 469 1916 multa
491 1878 648 1927 judicia,
674 1878 782 1916 nobis
800 1877 929 1915 omnia
950 1889 1027 1913 uno
1045 1884 1214 1926 tempore

108 1928 350 1974 reddidistis3
379 1937 437 1977 ut,
468 1943 565 1972 cum·
588 1931 711 1968 multa
748 1931 867 1977 vobis,
904 1942 1044 1980 magna
1071 1929 1213 1979 populo

107 1980 300 2030 Romano,
319 1958 610 2025 innumerabilia
635 1984 868 2034 parentibus,
888 1983 1016 2021 omnia
1035 1982 1148 2019 Diis·
1139 1994 1214 2017 im-

107 2035 331 2073 mortalibus
355 2035 588 2082 debeamus;
617 2037 698 2075 haec
724 2044 834 2076 antea
858 2036 1007 2086 singula
1035 2047 1101 2085 per
1128 2033 1213 2071 11105

111 2078 387 2136 habuerimus3
415 2101 518 2129 nunc
545 2090 720 2130 universa
749 2103 817 2142 per
848 2102 913 2128 vos
942 2086 1214 2153 recuperaveri-

112 2149 210 2189 mus.
