1425 2334
313 92 428 134 PRO
456 91 691 133 FLACCO.
721 91 827 132 CAP.
861 93 920 131 13.
1128 94 1176 132 13

68 207 145 249 tus,
157 200 403 252 receptacuila,
419 200 594 238 sustulit:
629 213 761 252 pacem
776 199 1008 238 maritimam
1024 201 1178 240 summa

68 254 206 293 virtute
217 261 330 305 atque
343 253 553 292 incredibili
568 254 753 292 celeritate
766 253 923 291 confecit
937 268 946 291 :
978 253 1074 291 illud
1089 267 1176 292 vero

66 319 192 358 neque
209 307 385 358 suscepit,
406 319 530 358 neque
548 307 732 358 suscipere
750 307 894 354 debuit,
910 314 967 354 ut,
982 307 1012 344 si
1026 321 1101 358 qua
1113 321 1176 346 us-

66 360 171 412 piam
186 359 360 398 navicula
377 360 601 412 praedonum
617 360 863 411 apparuisset,
877 361 1108 398 accusandus
1119 362 1175 399 vi-

66 413 228 452 deretur.
269 413 407 465 Itaque
425 414 504 465 ipse
523 414 563 450 in
581 414 694 461 Asia,
716 426 804 451 cum
822 413 951 451 omnia
967 415 1049 462 jam
1075 415 1175 452 bella

64 466 162 504 terra
182 466 354 517 marique
373 467 603 513 confecisset,
624 467 782 505 classem
802 473 927 504 tamen
949 466 1079 504 iisdem
1094 468 1174 506 istis

64 519 277 558 civitatibus
296 520 506 571 imperavit.
538 520 654 567 Quod
673 521 703 558 si
723 528 803 557 tum
826 520 957 558 statuit
971 533 1066 570 opus
1079 534 1172 568 esse,

64 585 151 611 cum
180 572 298 624 ipsius
327 573 523 624 praesentis
544 573 698 611 nomine
724 580 806 611 tuta
835 574 963 611 omnia
982 581 1018 610 et
1041 582 1173 624 pacata

63 638 142 664 esse
159 633 358 677 poterant3
389 626 496 677 quid,
517 639 604 664 cum
625 627 688 664 ille
708 626 934 674 decessisset,
952 626 1088 665 Flacco
1107 640 1173 666 ex-

62 678 237 718 istimatis
254 679 498 717 statuendum
518 687 555 717 et
573 679 788 717 faciendum
808 680 923 718 fuisse
938 682 955 718 ἓ

115 732 241 771 ΧΙΙΙ.
261 731 368 780 Quid
379 745 447 771 nos
458 733 548 771 hic?
569 745 707 779 nonne,
717 733 798 784 ipso
810 733 993 784 Pompeio
1005 741 1168 784 auctore,

62 785 191 825 Silano
210 793 247 824 et
265 785 434 824 Murena
455 787 685 834 consulibus,
706 786 951 833 decrevimus,
979 794 1022 824 ut
1041 787 1169 827 classis

62 839 103 877 in
123 839 237 877 Itali‘Ja
255 839 447 890 navigaret
464 841 480 877 Ρ
509 851 634 877 nonne
649 852 691 878 eo
709 839 792 890 ipso
810 847 991 890 tempore,
1012 853 1100 878 cum
1119 841 1168 879 L.

62 892 221 931 Flaccus
239 892 280 930 in
298 892 396 930 Asia
414 892 573 943 remiges
590 892 814 944 imperabat,
835 905 902 931 nos
920 893 984 931 hic
1007 893 1046 931 in
1065 907 1170 933 mare

65 946 255 996 Superum
268 951 304 982 et
318 945 490 983 Inferum
503 947 711 984 sestertium
731 953 786 983 ter
802 953 837 984 et
849 946 1073 997 quadragies
1086 960 1169 986 ero-

64 1000 278 1050 gabamus?
307 998 414 1046 Quid
432 1006 622 1050 postremo
647 1001 777 1037 anno?
806 1012 946 1048 nonne,
967 1000 1030 1037 Μ’
1051 1000 1168 1039 Curio

63 1059 101 1091 et
125 1052 170 1090 P.
197 1052 354 1090 Sextilio
379 1053 643 1103 quaestoribus,
674 1053 834 1104 pecunia
859 1053 898 1090 in
929 1052 1083 1091 classem
1113 1062 1169 1092 est

63 1112 214 1156 erogata
229 1107 247 1143 ?
275 1105 398 1156 quid?
429 1105 500 1144 hoc
529 1106 634 1143 omni
664 1113 832 1156 tempore
857 1106 1001 1157 equites
1028 1107 1068 1144 in
1099 1107 1167 1146 ora

62 1158 253 1197 maritima
276 1170 353 1196 non
383 1158 571 1197 fuerunt?
612 1159 688 1197 Illa
707 1166 761 1197 est
781 1159 882 1197 enim
901 1160 1021 1210 gloria
1039 1160 1167 1199 divina

63 1211 258 1263 Pompeii:
288 1212 457 1263 primum
475 1212 670 1264 praedones
686 1225 762 1259 eos,
790 1213 857 1264 qui
882 1219 980 1260 tum,
1001 1225 1089 1251 cum
1109 1214 1166 1252 iJJi

61 1265 207 1303 bellum
230 1266 465 1304 maritimum
490 1266 698 1317 gerendum
724 1266 857 1303 datum
878 1274 946 1312 est,
971 1274 1049 1304 toto
1067 1267 1165 1304 mari

62 1317 221 1370 dispersi
239 1321 484 1369 vagabantur,
511 1320 677 1358 redactos
697 1332 775 1358 esse
794 1331 924 1358 omnes
943 1320 982 1356 in
1001 1327 1165 1371 potesta-

63 1378 166 1410 tem:
195 1371 327 1411 deinde
345 1373 495 1424 Syriam
521 1386 600 1411 esse
622 1380 804 1419 nostram,
837 1373 1010 1411 Ciliciam
1030 1374 1163 1422 teneri,

62 1425 235 1477 Cyprum
252 1438 317 1476 per
345 1427 597 1465 Ptolemaeum
615 1439 742 1477 regem
761 1426 858 1464 nihil
877 1427 1036 1464 audere:
1067 1440 1165 1477 prae-

61 1486 162 1518 terea
180 1478 329 1517 Cretam
345 1479 496 1518 Metelli
511 1480 647 1518 virtute
661 1493 739 1518 esse
750 1487 937 1518 nostram=
959 1479 1056 1517 nihil
1070 1493 1162 1527 esse,

60 1532 163 1570 unde
190 1531 491 1583 proficiscantur3
521 1533 618 1571 nihil
646 1547 722 1584 quo
745 1540 1001 1571 revertantur:
1032 1545 1163 1572 omnes

59 1585 177 1633 sinus,
197 1586 462 1636 promontoria,
481 1587 605 1634 litora,
625 1587 781 1635 insulas,
807 1588 918 1624 urbes
937 1587 1161 1636 maritimas,

60 1639 231 1678 claustris
249 1639 395 1692 imperii
413 1641 530 1679 nostri
548 1640 739 1679 contineri.

112 1691 230 1740 Quod
247 1693 291 1742 si,
313 1694 446 1733 Flacco
463 1701 635 1745 praetore,
656 1707 767 1733 nemo
781 1694 821 1731 in
839 1694 936 1732 mari
954 1693 1082 1745 praedo
1100 1693 1163 1732 fu-

59 1744 160 1794 isset,
173 1753 300 1785 tamen
311 1746 425 1797 hujus
437 1748 632 1798 diligentia
641 1748 948 1799 reprehendenda
957 1760 1034 1786 non
1047 1755 1159 1786 esset:

57 1797 193 1838 idcirco
204 1799 320 1849 enim,
333 1801 434 1852 quod
447 1801 508 1839 hic
519 1802 671 1840 classem
686 1802 891 1848 habuisset,
906 1801 1162 1839 existimarem

59 1863 135 1890 non
153 1851 279 1891 fuisse.
318 1853 438 1902 Quid,
467 1855 499 1892 si
522 1855 570 1892 L.
591 1854 726 1906 Oppii,
747 1855 794 1892 L.
815 1855 942 1904 Agrii,
963 1854 1007 1892 C.
1030 1854 1161 1901 Cestii,

58 1906 231 1956 equitum
240 1907 517 1956 Romanorum,
529 1908 645 1957 hujus
657 1909 768 1946 etiam
782 1907 977 1946 clarissimi
988 1907 1072 1954 viri,
1086 1907 1159 1945 Cn.

58 1957 235 2007 Domitii,
251 1960 318 2010 qui
335 1960 375 1998 in
389 1961 486 1999 Asia
504 1968 587 1999 tum
605 1962 752 2012 legatus
767 1961 854 2009 fuit,
867 1960 1080 1998 testimonio
1094 1960 1161 1998 do-

58 2023 138 2059 ceo,
158 2024 201 2049 eo
218 2012 300 2063 ipso
317 2020 499 2064 tempore,
527 2027 603 2065 quo
621 2022 664 2052 tu
682 2015 764 2066 ipse
782 2026 897 2065 negas
915 2014 1073 2052 classem
1092 2013 1162 2051 ha-

58 2064 221 2103 bendam
239 2065 367 2114 fuisse,
387 2068 598 2118 complures
615 2081 638 2105 a
655 2068 896 2120 praedonibus
911 2079 989 2106 esse
1004 2073 1130 2117 captos
1141 2069 1159 2104 :³

57 2124 185 2156 tamen
220 2117 346 2158 Flacci
377 2120 575 2159 consilium
611 2121 652 2159 in
688 2121 896 2172 remigibus
932 2118 1161 2171 imperandis

59 2169 377 2221 reprehendetur?
405 2171 527 2223 Quid,
553 2174 585 2213 si
610 2174 724 2213 etiam
747 2174 891 2214 occisus
916 2181 971 2212 est
991 2186 1015 2211 a
1032 2171 1163 2223 piratis

114 2223 263 2272 (Orat.)
284 2235 387 2264 voi..
411 2237 481 2264 111.
869 2237 892 2264 c
