1425 2334
370 104 483 143 PRO
515 104 737 143 SEXTIO.
769 104 872 142 CAP.
894 104 957 140 45.
1138 102 1219 139 303

163 210 358 249 Nimirum
382 211 454 249 hoc
475 211 570 248 illud
596 219 664 257 est,
688 210 791 262 quod
815 210 862 248 de
883 221 945 246 me
972 207 1212 259 potissimum

110 272 151 301 tu
169 264 210 301 in
227 264 459 302 accusatione
478 264 656 313 quaesisti,
673 276 760 314 quae
771 271 866 301 esset
884 269 1010 300 nostra
1027 261 1131 299 natio
1148 274 1218 312 op-

110 317 324 354 timatium:
355 317 407 355 sic
425 319 527 355 enim
552 317 693 354 dixisti.
724 317 822 354 Rem
843 316 979 367 quaeris
997 315 1217 366 praeclaram

106 370 299 418 juventuti
322 371 371 408 ad
389 371 623 419 discendum,
650 382 719 408 nec
739 369 836 407 mihi
855 368 1045 406 difficilem
1065 368 1112 405 ad
1130 380 1217 418 per-

107 423 344 462 docendum:
374 424 421 462 de
439 424 517 475 qua
534 436 668 475 pauca,
681 423 838 473 judices,
855 422 978 460 dicam
993 435 1004 466 ;
1035 429 1084 468 et,
1098 429 1143 458 ut
1161 433 1220 457 ar-

109 475 240 524 bitror,
273 489 343 515 nec
368 479 416 516 ab
443 478 606 515 utilitate
633 489 763 515 eorum
790 476 858 527 qui
880 475 1048 519 audient,
1072 486 1141 511 nec
1169 475 1218 511 ab

109 529 232 568 officio
249 537 390 579 nostro,
410 543 478 569 nec
496 533 544 569 ab
562 530 646 582 ipsa
664 530 777 569 causa
792 531 837 568 P.
855 528 988 576 Sextii,
1005 526 1220 566 abhorrebit

111 591 229 621 oratio
247 596 344 622 mea.

164 636 298 676 XLV.
327 637 419 675 Duo
436 650 574 688 genera
591 650 738 688 semper
755 637 795 675 in
813 637 884 674 hac
901 635 1051 674 civitate
1065 634 1221 672 fuerunt

113 702 244 727 eorum
255 690 323 741 qui
331 691 467 729 versari
477 691 516 728 in
528 704 568 729 re
578 691 746 742 publica,
754 698 867 741 atque
878 690 918 727 in
930 690 974 727 e&
985 700 1024 726 se
1036 687 1221 725 excellen-

112 742 187 780 tius
205 756 346 793 gerere,
366 743 615 782 studuerunt:
637 744 776 795 quibus
791 756 838 781 ex
851 742 1050 794 generibus
1063 740 1169 779 alteri
1184 752 1222 777 se

110 797 324 847 populares,
336 798 443 835 alteri
457 799 671 849 optimates,
681 805 717 835 et
728 797 858 835 haberi
869 803 906 834 et
919 808 996 833 esse
1008 794 1222 833 voluerunt.

112 849 194 896 Qui
212 863 268 897 ea,
289 864 375 901 quae
392 851 592 899 faciebant,
606 864 766 902 quaeque
780 850 967 897 dicebant,
982 845 1221 886 multitudini

109 902 280 951 jucunda
290 917 368 942 esse
379 905 567 952 volebant,
580 905 779 956 populares
793 918 803 941 ι
824 903 891 954 qui
903 910 1031 940 autem
1043 901 1097 938 ita
1108 912 1148 938 se
1158 912 1224 949 ge-

113 957 259 1003 rebant,
273 965 317 995 ut
334 970 405 995 sua
422 958 576 996 consilia
593 958 737 1008 optimo
749 957 885 1008 cuique
896 957 1110 1006 probarent,
1125 952 1225 1003 opti-

112 1016 232 1047 mates
248 1010 497 1048 habebantur.
531 1011 629 1058 Quis
649 1023 736 1061 ergo
754 1010 824 1048 iste
843 1009 1010 1060 optimus
1029 1007 1190 1058 quisque
1205 1007 1223 1043 ἓ

112 1061 175 1100 De
185 1075 345 1101 numero
353 1065 383 1102 si
391 1065 542 1115 quaeris,
550 1064 842 1102 innumerabiles
852 1077 862 1100 ε
877 1074 999 1113 neque
1008 1061 1109 1099 enim
1117 1059 1226 1097 aliter

114 1122 212 1175 stare
228 1128 435 1167 possemus.
463 1119 563 1157 Sunt
575 1118 761 1169 principes
773 1115 918 1154 consilii
929 1114 1072 1166 publici
1087 1128 1097 1151 z
1120 1119 1222 1156 sunt,

113 1181 181 1219 qul
200 1181 329 1207 eorum
358 1179 498 1208 sectam
516 1178 751 1221 sequuntur:
781 1176 870 1207 sunt
887 1168 1145 1206 maximorum
1163 1178 1224 1203 or-

114 1221 249 1259 dinum
266 1223 452 1271 homines,
472 1225 611 1275 quibus
628 1232 733 1274 patet
751 1223 876 1260 curia:
908 1228 994 1260 sunt
1013 1218 1224 1270 municipa-

114 1275 182 1321 les,
202 1276 406 1327 rusticique
418 1277 586 1314 Romani
602 1291 612 1314 ε
643 1283 732 1314 sunt
745 1275 896 1326 negotia
914 1280 1106 1325 gerentes:
1137 1278 1226 1309 sunt

115 1328 230 1366 etiam
253 1329 420 1368 libertini
441 1330 651 1380 optimates.
684 1330 881 1367 Numerus
905 1333 966 1370 (ut
990 1326 1087 1374 dixi)
1113 1325 1231 1374 hujus

113 1382 260 1432 generis
287 1383 364 1421 late
389 1390 426 1421 et
445 1383 545 1421 varie
564 1383 724 1421 diffusus
749 1389 827 1420 est:
859 1381 922 1419 sed
940 1392 1060 1431 genus
1078 1379 1229 1416 univer-

115 1448 201 1473 sum
221 1439 281 1480 (ut
305 1437 460 1474 tollatur
484 1443 601 1484 error)
626 1435 731 1474 brevi
754 1433 1007 1474 circumscribi
1025 1440 1062 1471 et
1080 1431 1227 1470 definiri

115 1496 249 1539 potest.
278 1489 426 1528 Omnes
451 1490 651 1541 optimates
678 1496 780 1536 sunt,
808 1489 873 1540 qui
905 1499 1028 1538 neque
1049 1492 1225 1523 nocentes

117 1550 220 1588 sunt,
239 1554 308 1580 nec
325 1542 461 1582 natura
476 1543 654 1595 improbi,
674 1555 743 1581 nec
767 1541 913 1588 furiosi,
941 1553 1010 1578 nec
1027 1539 1140 1577 malis
1158 1537 1226 1575 do·

117 1595 280 1634 mesticis
311 1595 495 1647 impediti.
529 1597 624 1635 Esto
650 1597 780 1647 igitur,
803 1603 848 1633 ut
869 1595 911 1632 hi
932 1593 1021 1641 sint,
1046 1604 1163 1644 quam
1182 1598 1225 1628 tu

118 1649 309 1686 nationem
331 1650 555 1700 appellasti3
580 1650 715 1701 quiqui
732 1649 869 1699 integri
891 1655 994 1694 sunt,
1015 1654 1052 1684 et
1074 1645 1170 1692 sani,
1191 1651 1228 1681 et

118 1702 214 1739 bene
231 1701 278 1740 de
294 1704 406 1741 rebus
430 1704 641 1742 domesticis
664 1702 868 1741 constituti.
898 1701 1052 1739 Horum
1077 1698 1145 1750 qui
1163 1709 1231 1734 vo-

118 1754 270 1803 luntati,
289 1757 511 1805 commodis,
527 1756 708 1808 opinioni,
720 1756 760 1794 in
770 1752 1019 1806 gubernanda
1035 1749 1230 1802 republica

120 1807 300 1855 serviunt,
328 1809 538 1848 defensores
559 1809 828 1862 optimatium;
858 1808 1007 1859 ipsique
1028 1804 1229 1856 optimates

120 1861 332 1911 gravissimi
360 1870 398 1900 et
421 1863 617 1902 clarissimi
634 1863 732 1902 cives
756 1868 1019 1908 numerantur,
1036 1866 1072 1896 et
1089 1855 1228 1909 princi-

125 1926 190 1964 pes
205 1915 375 1953 civltatis.

179 1967 287 2015 Quid
305 1976 359 2006 est
369 1969 485 2020 igitur
497 1969 732 2022 propositum
744 1968 804 2007 his
818 1966 1033 2019 reipublicae
1047 1964 1234 2014 guberna-

79 2024 91 2036 ·
128 2020 286 2068 toribus,
307 2023 410 2073 quod
434 2024 586 2070 intueri,
607 2031 644 2061 et
658 2035 734 2074 quo
753 2034 905 2060 cursum
924 2031 1036 2057 suum
1057 2016 1232 2066 dirigere,

129 2073 291 2112 debeant
303 2075 321 2111 ’ἕ
348 2075 388 2113 id
409 2077 511 2128 quod
533 2084 588 2115 est
605 2075 971 2128 praestantissimum,
990 2070 1234 2119 maximeque

127 2128 292 2176 optabile
309 2130 486 2168 omnibus
505 2130 618 2177 sanis,
638 2137 675 2168 et
691 2128 814 2175 bonis,
835 2134 872 2165 et
889 2125 1022 2171 beatis,
1043 2135 1130 2162 cum
1149 2121 1234 2172 ‹lig-

126 2180 243 2226 nitate
260 2181 393 2220 otium.
424 2183 510 2222 Hoc
527 2183 594 2235 qui
613 2183 758 2230 volunt,
773 2192 904 2219 omnes
921 2179 1120 2230 optimates
1134 2189 1145 2222 3
1166 2174 1234 2226 qui
