1425 2334
408 73 522 113 PRO
551 74 748 113 SULLA.
779 73 883 112 CAv.
916 74 976 112 13.
1192 76 1242 119 57

195 180 321 218 XIII.
348 180 622 231 Allobrogibus
633 181 871 218 nominatum
888 181 1034 219 Sullam
1052 193 1128 219 esse
1139 181 1242 219 dicis.

142 232 242 280 Quis
260 236 403 285 negat?
432 234 496 271 sed
518 235 600 284 lege
627 234 838 279 indiciun13
868 242 905 272 et
933 234 1030 281 vide,
1062 234 1245 285 quemad-

141 286 301 324 modum
330 287 546 325 nominatus
569 288 628 325 sit-
658 288 705 325 L.
735 287 909 325 Cassium
934 287 1112 325 dixerunt
1141 300 1244 325 com-

142 342 381 387 memorasse,
412 353 499 378 cum
529 341 668 378 caeteris
697 341 932 378 Autronium
963 354 1089 379 secum
1112 340 1244 378 facere.

142 392 298 441 Quaero,
313 406 409 432 num
426 395 574 432 Sullam
589 394 725 431 dixerit
740 394 889 432 Cassius
903 397 920 432 ἓ
940 406 1140 445 nusquam.
1162 395 1250 432 Sese

141 445 249 484 aiunt
266 449 443 498 quaesisse
461 447 507 485 de
527 447 669 494 Cassio,
686 447 779 498 quid
793 447 901 485 Sulla
919 448 1080 485 sentiret.
1110 447 1248 485 Videte

142 499 378 550 diligentiam
409 500 633 538 Gallorum:
663 501 730 551 qui
761 501 878 538 vitam
905 501 1106 538 hominum
1135 509 1246 536 natu-

144 565 302 603 ramque
325 566 402 592 non
426 556 592 601 nossent,
615 566 658 591 ac
683 561 833 591 tantum
854 554 1047 592 audissent
1078 566 1139 591 eos
1165 553 1247 604 pari

145 606 357 644 calamitate
386 619 477 655 esse,
520 607 787 658 quaesiverunt,
818 615 986 645 essentne
1018 607 1147 644 eadem
1183 619 1248 643 vo-

146 658 316 698 luntate.
308 663 325 688 9
355 660 462 707 Quid
481 667 589 698 tum.
581 663 597 687 ⁹
630 660 780 698 Cassius
799 661 830 698 si
852 660 1114 711 respondisset,
1145 660 1246 696 idem

148 713 284 751 sentire
299 720 336 751 et
354 727 479 751 secum
491 714 612 752 Facere
624 714 786 761 Sullam,
799 721 927 751 tamen
942 714 1038 751 mihi
1056 726 1130 751 non
1144 708 1246 750 vide-

144 772 248 804 retur
259 767 300 804 in
318 767 421 805 hunc
438 767 478 804 id
496 767 740 805 criminosum
759 780 836 805 esse
857 767 1002 804 debere.
1033 766 1140 813 Quid
1158 767 1245 804 ita?

145 819 248 869 quia,
278 820 346 871 qui
367 822 543 858 barbaros
571 820 744 858 homines
773 821 823 858 ad
849 821 993 858 bellum
1019 820 1244 870 impelleret,

145 883 222 910 non
251 873 412 911 debebat
435 874 606 911 minuere
631 874 785 911 illorum
805 874 1068 924 suspicionem,
1099 881 1135 910 et
1152 886 1244 923 pur-

144 938 233 975 gare
255 940 330 974 eos,
351 927 398 964 de
427 927 565 978 quibus
589 927 646 964 illi
664 927 808 978 aliquid
833 927 1120 977 suspicarentur.
1150 927 1242 963 Non

142 980 334 1030 respondit
357 987 498 1028 tamen,
528 980 607 1017 11113
628 980 748 1018 facere
773 980 933 1018 Sullam.
963 980 1120 1018 Etenim
1150 987 1244 1016 esset

140 1033 361 1080 absurdum,
378 1046 465 1071 cum
480 1040 629 1071 caeteros
643 1034 714 1070 sua
732 1041 863 1084 sponte
875 1033 1119 1080 nominasset,
1133 1045 1242 1070 men-

139 1085 280 1124 tionem
299 1086 416 1124 Sunae
434 1087 555 1124 facere
579 1087 741 1133 nullam,
768 1087 841 1123 nisi
864 1087 1102 1124 admonitum
1122 1094 1158 1124 et
1185 1086 1245 1124 in-

138 1145 369 1190 terrogatum
390 1154 400 1177 :
431 1140 504 1177 nisi
532 1140 627 1177 forte
652 1139 853 1177 verisimile
876 1148 944 1187 est,
972 1140 1016 1176 P.
1039 1140 1156 1177 Sullae
1174 1151 1242 1176 no·-

137 1204 226 1230 men
253 1193 294 1230 in
329 1193 514 1231 memoria
551 1192 678 1231 Cassio
717 1205 792 1230 non
829 1193 954 1230 fuisse.
996 1193 1038 1230 Si
1069 1193 1244 1230 nobilitas

136 1245 314 1294 hominis,
334 1246 366 1283 si
383 1246 522 1284 afflicta
547 1246 711 1292 fortuna,
732 1246 763 1283 si
786 1246 956 1296 reliquiae
973 1246 1140 1296 pristinae
1159 1246 1242 1296 dig-

135 1299 263 1337 nitatis
290 1311 366 1337 non
396 1306 476 1337 tam
505 1300 669 1337 illustres
692 1299 877 1344 fuissent3
908 1307 1035 1336 tamen
1056 1299 1240 1336 Autronii

133 1353 440 1390 commemoratio
467 1353 691 1390 memoriam
720 1353 838 1391 Sullae
862 1353 1058 1390 retulisset.
1092 1352 1239 1398 Etiam,

134 1414 177 1443 ut
195 1406 366 1452 arbitror,
383 1418 470 1443 cum
489 1407 724 1444 auctoritates
736 1406 951 1456 principum
970 1405 1237 1453 conjurationis

133 1459 182 1497 ad
199 1459 407 1497 incitandos
425 1459 570 1497 animos
587 1460 844 1510 Allobrogum
863 1459 1053 1509 colligeret
1071 1458 1239 1504 Cassius,

133 1519 171 1550 et
188 1525 275 1550 cum
290 1513 398 1551 sciret
412 1520 556 1550 exteras
574 1513 743 1550 nationes
760 1513 929 1550 maxime
947 1512 1142 1550 nobilitate
1155 1524 1238 1548 mo-

102 1564 104 1566 ’
135 1565 226 1613 veri,
260 1578 336 1604 non
367 1566 472 1616 prius
497 1566 748 1615 Autronium,
780 1578 897 1616 quam
922 1566 1085 1614 Sullam,
1117 1565 1240 1602 nomi-

135 1619 270 1657 nasset.

188 1673 283 1711 Jam
314 1686 402 1711 vero
432 1673 529 1711 illud
560 1673 711 1724 probari
738 1672 897 1710 minime
925 1679 1061 1723 potest,
1090 1671 1237 1717 Gallos,

136 1725 327 1764 Autronio
340 1727 549 1773 nominato,
561 1726 723 1777 putasse,
739 1733 891 1777 propter
905 1725 1127 1764 calamitatis
1139 1725 1244 1762 sirni-

136 1779 351 1828 litudinem,
380 1779 451 1818 sibi
482 1780 627 1831 aliquid
649 1780 696 1818 de
727 1780 836 1817 Sulla
865 1792 942 1817 esse
963 1778 1238 1829 quaerendum·
1226 1806 1238 1821 ,

139 1832 282 1879 Cassio,
303 1834 334 1872 si
352 1833 412 1871 hic
431 1841 526 1870 esset
542 1834 582 1870 in
608 1833 739 1871 ecdem
759 1833 907 1879 scelere,
933 1845 982 1869 ne
1004 1844 1091 1869 cum
1111 1831 1242 1881 appel-

137 1885 251 1924 lasset
267 1887 422 1937 quidem
444 1883 695 1933 Autronium,
722 1886 869 1935 hujus
859 1898 899 1922 111
924 1893 1091 1922 mentem
1114 1883 1241 1921 venire

137 1939 314 1989 potuisse.
334 1940 409 1978 Sed
424 1947 549 1977 tamen
561 1939 655 1990 quid
668 1939 859 1990 respondit
874 1939 920 1976 de
932 1938 1041 1976 Sulla
1056 1937 1239 1975 Cassius?

138 1992 188 2030 Se
205 1992 345 2031 nescire
362 2000 518 2031 eertum.
548 1993 639 2030 Non
657 2000 808 2043 purgat,
822 1992 959 2043 inquit.
989 1990 1084 2028 Dixi
1103 1997 1236 2027 antea.

137 2057 186 2083 ne
203 2046 235 2083 si
252 2054 424 2097 argueret
440 2046 596 2097 quidem
614 2053 699 2083 tum
713 2046 888 2096 denique,
905 2057 993 2082 cum
1012 2051 1106 2081 esset
1124 2043 1239 2079 inter-

137 2106 303 2150 rogatus,
323 2100 362 2137 id
390 2099 485 2138 mihi
506 2099 750 2137 criminosum
776 2098 974 2137 videretur.
1004 2096 1079 2135 Sed
1097 2107 1178 2145 ego,
1199 2095 1238 2130 in

132 2152 283 2200 judiciis
315 2161 352 2192 et
383 2153 423 2191 in
452 2152 736 2204 quaestionibus,
770 2164 845 2189 non
882 2151 954 2188 hoc
990 2147 1238 2201 quaerendum
