1425 2334
266 86 406 129 POST
437 85 707 125 REDITUM
738 85 795 124 II.
825 85 930 124 CAr.
952 87 988 123 8.
1102 85 1176 122 119

81 192 249 240 consilia,
277 193 321 231 P.
348 193 504 232 Lentuli
536 192 774 239 sententiam,
804 194 954 231 senatus
983 190 1182 230 auctorita-

81 254 174 291 tem,
201 259 266 284 vos
283 247 416 295 secuti,
446 247 485 284 in
515 259 558 285 eo
584 258 647 284 me
667 246 762 307 loco,
792 246 832 283 in
859 258 936 297 quo
963 245 1093 283 vestris
1118 245 1184 281 be-

81 299 223 337 neficiis
251 299 412 348 fueram,
441 299 574 337 iisdem
603 299 792 347 centuriis,
817 300 957 349 quibus
984 297 1184 336 collocara-

80 351 141 398 tis,
161 353 391 404 reposuistis.
421 353 570 391 Eodem
598 359 765 413 tempore
793 352 952 390 audistis
980 351 1109 389 eodem
1136 363 1184 387 ex

79 404 160 444 loco
185 418 356 445 summos
378 406 488 453 viros,
509 406 764 444 ornatissimos
792 414 905 456 atque
933 403 1184 456 amplissimos

79 457 265 505 homines,
278 460 464 510 principes
482 458 655 507 civitatis,
671 471 801 497 omnes
813 459 1040 503 consulares,
1054 469 1184 494 omnes

79 512 283 562 praetorios,
318 513 448 551 eadem
474 512 618 550 dicere·
607 540 619 557 ‚
660 520 717 558 ut,
749 512 922 549 omnium
955 509 1183 556 testimonio,

79 577 147 614 per
173 576 237 603 me
254 577 376 603 unum
403 565 677 617 rempublicam
698 573 953 603 conservatam
977 577 1069 611 esse,
1096 575 1185 601 con-

80 625 206 656 staret.
237 619 389 679 Itaque,
408 632 495 657 cum
517 619 560 656 P.
583 617 776 665 Servilius,
805 618 1048 669 gravissimus
1075 616 1131 654 vir
1150 623 1187 653 et

79 671 339 709 ornatissimus
359 672 464 720 civis,
485 672 654 718 dixisset,
675 684 789 722 opera
806 684 892 709 mea
911 669 1186 721 rempublicam

79 723 308 762 incolumem
322 725 604 776 magistratibus
619 725 792 775 deinceps
805 724 995 770 traditam,
1009 724 1187 761 dixerunt

78 776 118 814 in
143 777 316 816 eamdem
336 779 560 816 sententiam
584 778 717 816 caeteri.
754 778 828 817 Sed
843 777 1002 815 audistis
1021 789 1064 815 eo
1089 783 1187 814 tem-

78 843 168 881 pore
203 831 399 869 clarissimi
435 831 504 870 viri
538 843 614 869 non
653 831 777 868 solum
814 830 1088 877 auctoritatem,
1119 829 1185 867 sed

77 883 191 922 etiam
203 883 476 932 testimonium,
491 884 538 922 L.
554 884 683 933 Gellii,
701 884 767 935 qui
787 884 894 935 (quia
908 896 1017 921 suam
1029 883 1186 922 classem

77 943 298 975 attentatam
329 950 467 989 magno
496 951 585 976 cum
614 951 682 975 suo
714 937 880 988 periculo
909 949 1018 988 paene
1054 936 1185 983 sensit)

77 989 207 1028 dixit
196 1003 236 1028 111
255 990 430 1029 concione
448 991 584 1038 vestra,
605 991 637 1028 si
656 1004 725 1042 ego
744 991 887 1038 consul,
909 1003 995 1028 cum
1014 990 1085 1037 fui,
1109 1000 1185 1027 non

80 1042 253 1090 fuissem,
274 1045 549 1095 rempublicam
568 1044 740 1081 funditus
759 1044 996 1081 interituram
1015 1043 1142 1080 fuisse.

138 1097 261 1135 VIII.
289 1097 353 1135 En
372 1110 441 1148 ego
458 1105 514 1135 tot
532 1097 768 1143 testimoniis,
791 1096 973 1143 Quirites,
1001 1096 1072 1134 hac
1097 1108 1186 1133 auc-

78 1149 226 1188 toritate
245 1152 407 1198 senatus,
422 1150 528 1188 tanta
540 1151 779 1189 consensione
792 1150 927 1197 Italiae,
943 1157 1048 1187 tanto
1060 1149 1184 1186 studio

76 1204 262 1241 bonorum
280 1204 468 1251 omnium,
488 1211 622 1254 agente
650 1204 695 1241 P.
716 1203 896 1249 Lentulo,
919 1202 1184 1241 consentienti-

78 1257 150 1294 bus
168 1256 309 1295 caeteris
326 1257 622 1308 magistratibus,
651 1257 873 1307 deprecante
892 1256 963 1294 Cn.
985 1255 1182 1306 Pompeio,

76 1310 253 1348 omnibus
270 1309 488 1349 hominibus
498 1310 724 1357 faventibus,
742 1309 828 1348 Diis
847 1309 1010 1360 denique
1028 1309 1185 1346 immor-

77 1363 231 1411 talibus,
269 1363 426 1414 frugum
454 1365 638 1411 ubertate,
672 1363 794 1414 copia,
830 1363 986 1410 vilitate,
1020 1361 1184 1399 reditum

76 1428 208 1455 meum
227 1417 571 1468 comprobantibus,
600 1417 710 1464 mihi,
738 1416 846 1463 meis,
876 1415 1106 1467 reipublicae‚
1128 1428 1186 1453 re-

77 1469 246 1515 stitutus,
283 1477 434 1508 tantum
471 1470 600 1531 vobis,
629 1477 818 1521 quantum
855 1469 977 1507 facere
1012 1480 1183 1529 possum,

78 1522 259 1570 Quirites,
288 1523 514 1574 pollicebor·
544 1523 727 1574 primum,
758 1536 835 1574 qua
865 1521 1087 1561 sanctissimi
1116 1521 1186 1559 ho-

77 1575 199 1614 mines
234 1576 372 1628 pietate
408 1589 498 1628 erga
532 1576 635 1615 Deos
668 1577 900 1614 immortales
936 1588 1013 1613 esse
1050 1575 1184 1622 solent,

77 1628 210 1667 eadem
236 1642 299 1668 me
326 1643 415 1681 erga
445 1631 631 1682 populum
651 1630 873 1668 Romanum
903 1641 1050 1680 semper
1079 1628 1184 1673 fore;

77 1694 297 1734 numenque
316 1692 483 1722 vestrum
502 1697 609 1735 aeque
627 1683 723 1721 mihi
740 1696 853 1734 grave
880 1690 916 1721 et
934 1689 1184 1728 sanctum,ac

76 1733 250 1774 Deorum
261 1737 573 1784 immortalium,
562 1749 602 1774 111
614 1737 718 1775 0111111
731 1736 806 1775 vita
820 1736 1014 1781 futurum3
1036 1733 1184 1780 deinde,

77 1789 260 1839 quoniam
288 1801 351 1828 me
377 1790 418 1828 in
445 1791 634 1829 civitatem
666 1790 877 1841 respublica
905 1789 988 1840 ipsa
1017 1787 1184 1835 reduxit,

76 1842 184 1880 nullo
202 1854 265 1880 me
278 1843 360 1881 loco
377 1844 593 1895 reipublicae
611 1843 844 1882 defuturum.

130 1894 248 1943 Quod
276 1896 308 1934 si
337 1897 422 1948 quis
452 1897 655 1944 existimat,
686 1910 748 1936 me
777 1903 843 1934 aut
875 1896 1068 1934 voluntate
1107 1905 1184 1931 esse

76 1948 239 1995 mutata,
277 1957 344 1987 aut
376 1950 570 1989 debilitata
598 1951 749 1999 virtute,
783 1957 851 1988 aut
881 1949 1009 1987 animo
1039 1947 1183 1989 fract03

77 2001 317 2041 vehementer
333 2012 443 2041 errat.
471 2004 589 2052 Mihi,
609 2003 712 2055 quod
729 2004 854 2055 potuit
871 2002 927 2041 vis
941 2009 978 2040 et
991 2000 1131 2050 injuria
1149 2004 1186 2035 et

76 2055 340 2094 sceleratorum
358 2056 558 2096 hominum
576 2057 681 2096 furor
704 2057 912 2104 detrahere,
932 2053 1083 2105 eripuit,
1102 2053 1187 2089 abs-

76 2108 176 2157 tulit,
206 2108 425 2160 dissipavit:
455 2110 558 2160 quod
585 2110 665 2150 viro
693 2109 781 2149 forti
803 2108 920 2147 adimi
946 2119 1021 2145 non
1047 2110 1184 2156 potest,
