1455 2343
481 497 610 544 PRO
647 496 698 543 Ρ.
738 495 989 542 SEXTlO.

231 617 263 654 1.
294 617 339 656 S1
361 617 446 669 quis
464 624 590 662 antea,
614 615 773 666 judices,
801 615 1026 661 mirabatur,
1056 614 1149 665 quid
1175 627 1211 652 0
1198 623 1283 657 set

174 684 218 730 (11
206 670 278 707 lod
281 685 374 721 ,pro
386 671 501 709 tantis
515 670 652 722 opibus
663 669 894 721 reipublicae,
910 668 1093 719 tantaque
1105 667 1289 718 dignitate

179 724 345 775 imperii,
365 724 611 776 nequaquam
631 724 720 762 satis
738 723 852 761 multi
871 723 969 761 cives
988 721 1076 761 forti
1094 728 1131 759 et
1149 733 1288 771 magno

175 778 304 816 animo
322 778 595 824 invenirentur,
616 778 683 829 qui
702 776 883 815 auderent
901 789 941 814 se
955 782 992 814 et
1006 776 1166 814 salutem
1180 788 1290 813 suam

175 832 215 868 in
234 831 434 870 discrimen
454 832 585 870 offerre
614 845 683 882 pro
703 838 802 869 statu
822 830 998 877 civitatis,
1025 837 1062 867 et
1090 843 1160 880 pro
1189 841 1292 867 com-

176 886 286 923 muni
314 886 512 931 libertate3
543 899 590 923 ex
608 885 680 923 1100
705 892 875 936 tempore
898 884 1059 922 miretur
1088 883 1228 934 potius,
1261 881 1290 919 si

176 953 293 989 quem
312 941 457 978 bonum
477 948 513 978 et
531 940 666 977 fortem
687 939 806 977 civem
822 938 971 986 viderit,
992 950 1110 988 quam
1126 937 1156 975 51
1176 948 1292 987 quem

175 1000 243 1031 aut
262 994 457 1041 timidum,
478 1001 545 1032 aut
563 993 634 1031 sibi
663 993 790 1043 potius
812 1005 930 1043 quam
960 991 1178 1042 reipublicae
1204 1002 1293 1028 con-

177 1047 378 1085 sulentem.
408 1049 529 1093 Nam,
556 1054 601 1085 ut
618 1047 801 1085 omittatis
820 1046 867 1084 de
885 1045 1185 1095 uniuscujusque
1203 1056 1291 1081 casu

177 1101 379 1151 cogitando
406 1101 606 1150 recordari,
635 1113 715 1139 uno
745 1100 926 1151 adspectu
956 1098 1095 1136 intueri
1125 1097 1295 1149 potestis,

179 1167 257 1202 eos,
278 1155 347 1206 qui
365 1168 454 1193 cum
472 1162 619 1204 senatu,
640 1167 729 1192 cum
746 1154 856 1193 bonis
874 1153 1066 1199 omnibus,
1087 1151 1296 1202 rempubli*

179 1220 266 1246 cam
284 1209 464 1247 afflictam
483 1208 696 1257 excitarint,
717 1215 754 1246 et
771 1207 966 1246 latrocinio
981 1206 1185 1243 domestico
1203 1205 1297 1242 libe-

180 1261 315 1311 tarint,
336 1270 503 1310 moestos,
525 1262 746 1310 sordidatos,
766 1274 862 1309 reos,
883 1261 930 1298 de
950 1260 1086 1310 capite,
1112 1259 1159 1297 de
1177 1258 1295 1304 fama,

180 1314 229 1354 de
247 1291 411 1363 civitate,
432 1317 479 1354 de
496 1316 672 1364 fortunis,
694 1315 740 1353 de
758 1315 900 1362 liberis,
914 1314 1117 1357 dimicare3
1148 1325 1210 1350 eos
1229 1325 1297 1349 au.-

182 1376 275 1416 tem,
292 1370 359 1420 qui
373 1371 502 1408 omnia
516 1370 646 1408 divina
664 1377 701 1407 et
718 1369 889 1407 humana
903 1367 1092 1413 violarint,
1107 1365 1294 1411 vexarint,

181 1423 453 1473 perturbarint,
475 1423 686 1469 everterint,
714 1435 790 1460 non
810 1422 935 1460 solum
955 1421 1095 1458 alacres
1115 1420 1297 1470 laetosque

183 1476 355 1524 volitare,
376 1477 441 1515 sed
461 1477 575 1515 etiam
594 1476 826 1514 voluntarios
843 1474 1060 1513 fortissimis
1075 1480 1188 1525 atque
1202 1473 1300 1524 opti-

181 1530 254 1568 mis
273 1530 418 1569 civibus
435 1531 647 1582 periculum
665 1529 806 1578 moliri,
826 1529 874 1567 de
893 1542 931 1566 se
951 1527 1048 1565 nihil
1066 1527 1212 1565 timere.
1248 1527 1296 1564 In

180 1597 260 1635 quo
278 1597 367 1622 cum
384 1585 508 1622 multa
526 1585 601 1622 sint
618 1583 790 1645 indigna,
810 1590 895 1620 tum
909 1582 1007 1619 nihil
1026 1581 1154 1618 minus
1173 1587 1229 1618 cst
1244 1580 1299 1618 fe-

183 1637 359 1687 rendum,
373 1651 491 1689 quam
510 1637 643 1689 quod'
628 1650 708 1687 Jam
730 1649 808 1675 non
826 1649 894 1688 per
912 1636 1076 1674 latrones
1095 1646 1198 1682 suos,
1219 1646 1298 1671 non

183 1703 250 1742 per
268 1691 400 1729 homin
386 1705 440 1730 05
460 1699 623 1742 egestate
641 1698 678 1730 et
697 1691 834 1729 scelere
855 1690 1037 1741 perditos,
1066 1688 1131 1727 scd
1148 1701 1216 1739 per
1235 1700 1300 1726 vos

183 1744 306 1793 nobis,
326 1759 393 1796 per
411 1746 574 1796 optimos
594 1744 692 1782 viros
711 1743 866 1795 optimis
893 1743 1053 1792 civibus,
1084 1741 1298 1793 periculum

182 1797 320 1836 inferre
338 1806 546 1837 conantur:
577 1806 627 1845 et,
644 1810 738 1850 quos
752 1797 958 1858 lapidibus,
973 1810 1068 1848 quos
1079 1796 1192 1843 ferro,
1205 1807 1301 1846 quos

182 1851 344 1900 facibus,
365 1865 460 1904 quos
474 1853 525 1900 vi,
541 1864 675 1899 manu,
691 1851 820 1902 copiis,
837 1851 961 1889 delere
979 1862 1057 1888 non
1075 1855 1296 1900 potuerunt,

184 1905 267 1952 hos,
287 1906 409 1944 vestra
437 1906 670 1953 auctoritate,
691 1906 814 1943 vestra
842 1904 1038 1955 religione,
1059 1902 1191 1942 vestris
1215 1914 1298 1940 sen-

184 1959 326 2008 tentiis,
347 1973 388 1998 se
405 1972 647 2011 oppressuros
659 1959 903 1997 arbitrantur.
931 1958 1019 2008 Ego
1039 1964 1182 2003 autem,
1196 1955 1300 2004 judi-

182 2026 260 2060 ceS,
281 2013 386 2065 quia,
407 2027 485 2065 qua
504 2026 593 2052 voce
612 2012 708 2050 mihi
733 2012 774 2050 in
797 2011 952 2063 agendis
969 2011 1114 2062 gratiis,
1135 2022 1300 2048 comme-

185 2067 448 2119 morandoque
467 2080 614 2115 eorum,
642 2067 709 2117 qui
728 2066 775 2104 de
793 2079 856 2104 me
875 2065 1018 2116 optime
1047 2071 1136 2103 sunt
1163 2062 1303 2108 meriti,

186 2120 383 2165 beneficia,
403 2134 482 2159 esse
501 2120 687 2159 utendum
708 2122 906 2170 putabam,
928 2132 973 2158 ea
998 2131 1100 2156 nunc
1119 2117 1175 2155 uti
1193 2128 1305 2167 cogor

183 2174 226 2212 in
246 2187 377 2214 eorum
404 2174 579 2226 periculis
605 2173 864 2226 depellendis,
894 2172 939 2211 iis
971 2171 1214 2224 potissimum
1233 2181 1306 2208 vox
