1455 2343
207 70 281 108 144
409 66 522 107 PRO
552 66 724 107 DOMO
752 66 873 107 SUA.
903 66 1007 106 CAP.
1032 67 1117 104 18.-

197 189 281 225 nor,
301 187 451 228 poenam
469 175 510 214 in
529 175 626 214 cives
645 175 840 214 Romanos
857 174 1083 213 nominatim
1102 171 1183 211 sine
1203 169 1308 220 judi-

199 231 257 269 cio
276 230 531 269 constitutam.

255 284 370 322 Hanc
388 296 453 322 vos
471 284 600 333 igitur,
621 283 829 335 pontifices,
848 282 989 332 judicio
1008 289 1121 333 atque
1148 277 1309 318 auctori-

200 344 278 376 tate
297 337 420 376 vestra
438 337 590 375 tribuno
609 337 729 388 plebis
748 344 971 387 potestatem
990 335 1140 382 dabitis,
1160 341 1204 371 ut
1222 344 1310 383 pro-

202 392 361 430 scribere
389 392 518 442 possit,
551 404 645 442 quos
668 391 788 428 velit?
819 392 960 437 Quaero
992 389 1108 434 enim,
1139 387 1232 438 quid
1262 385 1311 424 sit

201 445 307 483 aliud
325 445 564 496 proscribere.
596 448 623 466 ‘²
644 444 794 490 Velitis,
812 444 989 493 jubeatis,
1009 451 1053 480 ut
1072 443 1132 480 Μ.
1154 440 1310 478 Tullius

201 499 242 536 in
268 499 417 537 civitate
444 511 491 535 ne
519 498 591 543 sit3
623 500 797 548 bonaque
821 499 901 546 ejus
920 506 963 535 ut
980 510 1066 535 mea
1091 496 1191 533 sint.'
1181 495 1206 511 ”
1247 493 1310 531 Ita

199 552 302 591 enim
321 552 422 595 fecit,
442 552 510 589 etsi
528 552 610 589 aliis
639 552 759 589 verbis
785 552 883 589 tulit.
929 551 1014 589 Hcc
1032 550 1151 601 plebis
1155 548 1309 587 -scitum

201 613 280 644 ast.
271 608 288 633 ⁹
317 606 398 643 haec
415 606 501 643 lex.
493 607 509 632 ⁹
538 606 619 643 haec
641 605 785 655 rogatio
803 612 879 643 est
871 607 888 632 9
917 604 988 642 hoc
1006 618 1070 642 vos
1089 603 1168 655 pati
1187 608 1312 653 potes-

201 660 281 698 tis?
309 660 380 697 1100
398 659 494 696 ferre
513 658 655 703 civitas,
685 666 728 695 ut
747 658 888 708 singuli
906 658 1002 696 cives
1022 657 1178 708 singulis
1198 654 1312 693 versi-

200 713 295 751 culis
314 726 334 750 e
352 712 500 750 civitate
525 712 738 750 tollantur?
768 711 961 762 Equidem
988 713 1070 760 jam
1093 710 1315 761 perfunctus

203 780 315 804 sum:
337 766 485 803 nullam
506 766 597 812 vim,
618 766 769 803 nullum
782 765 984 815 impetum,
1004 772 1156 802 metuo:
1184 763 1314 814 exple·

201 821 240 858 vi
269 820 416 857 animos
444 819 683 857 invidorum:
725 819 870 870 placavi
907 819 993 856 odia
1021 818 1309 869 improborum:

203 873 368 912 saturavi
387 873 500 910 etiam
513 873 710 924 perfidiam
731 880 767 910 et
786 873 905 910 scelus
923 872 1183 923 proditorum:
1205 871 1313 909 deni-

202 940 291 978 que,
308 927 355 964 de
373 927 460 964 mea
478 927 605 974 causa,
628 941 714 978 quae
730 926 926 964 videbatur
939 925 1093 976 perditis
1105 925 1249 964 civibus
1263 924 1312 962 ad

200 981 384 1021 invidiam
410 993 487 1019 esse
516 981 719 1031 proposita,
748 981 830 1028 jam
860 992 990 1017 omnes
1026 981 1152 1026 urbes,
1184 991 1315 1017 omnes

201 1034 365 1080 ordines,
386 1046 516 1072 omnes
532 1034 600 1071 Dii
619 1041 732 1085 atque
751 1033 936 1080 homines,
954 1033 1232 1082 judicaverunt.

256 1088 459 1126 Vobismet
485 1088 591 1139 ipsis,
614 1087 822 1139 pontifices,
844 1095 880 1124 et
899 1087 1029 1124 vestris
1046 1086 1187 1132 liberis,
1208 1094 1317 1125 caete-·

201 1142 330 1193 risque
366 1141 523 1187 civibus,
558 1154 627 1192 pro
652 1141 775 1179 vestra
807 1141 1025 1178 auctoritate
1050 1148 1087 1178 et
1115 1140 1314 1191 sapientia,

203 1196 396 1235 consulere
416 1195 569 1232 debetis.
600 1195 720 1242 Nam,
741 1207 829 1232 cum
850 1202 928 1232 tam
952 1194 1146 1232 moderata
1169 1194 1314 1243 judicia

199 1249 334 1301 populi
365 1248 442 1285 sint
460 1261 482 1285 a
501 1248 721 1308 majoribus·
738 1248 953 1293 constituta,
984 1248 1168 1298 primum,
1198 1255 1241 1285 ut
1265 1260 1315 1286 ne

198 1315 311 1355 poena
329 1301 461 1352 capitis
480 1315 568 1339 cum
587 1302 749 1352 pecunia
771 1302 1049 1351 conjungatur3
1079 1301 1229 1349 deinde,
1250 1313 1312 1349 ne,

199 1357 273 1395 nisi
292 1355 462 1407 prodicta
481 1355 555 1402 die,
577 1355 662 1406 quis
681 1362 900 1399 accusetur3
928 1360 974 1392 ut
1002 1363 1057 1393 ter
1084 1363 1172 1393 ante
1189 1355 1313 1406 magi-

198 1417 337 1448 stratus
351 1416 511 1454 accuset,
524 1409 738 1447 intermissa
752 1409 826 1455 die,
841 1421 958 1459 quam
975 1409 1141 1447 multam
1159 1409 1312 1460 irroget,

198 1471 265 1501 aut
287 1463 454 1512 judicet:
486 1470 621 1513 quarta
645 1463 692 1500 sit
719 1462 904 1500 accusatio
923 1462 1068 1500 trinum
1093 1463 1311 1500 nundinum

197 1516 370 1569 prodicta
399 1515 474 1562 die,
508 1530 587 1567 qua
615 1516 675 1554 die
698 1515 886 1565 judicium
918 1516 965 1554 sit
993 1516 1194 1561 futurum,
1224 1524 1310 1554 tum

196 1571 322 1610 multa
340 1570 453 1608 etiam
472 1569 521 1607 ad
539 1570 783 1621 placandum,
804 1577 917 1620 atque
936 1570 984 1607 ad
998 1570 1308 1618 misericordiam,

194 1625 266 1662 reis
285 1636 455 1662 concessa
474 1632 587 1668 sunt3
617 1623 751 1661 deinde
771 1623 971 1661 exorabilis
990 1624 1170 1675 populus,
1191 1624 1312 1662 facilis

195 1677 415 1728 suffragatio
426 1690 495 1728 pro
507 1678 628 1715 salute
642 1691 653 1722 ;
674 1677 837 1728 denique
851 1677 978 1725 etiarn,
994 1677 1026 1715 si
1037 1691 1114 1729 qua
1127 1691 1184 1715 res
1198 1677 1311 1715 illum

199 1732 316 1778 diem,
348 1738 414 1768 aut
442 1731 617 1782 auspiciis
649 1739 716 1769 aut
746 1730 999 1779 excusatione,
1034 1730 1200 1781 sustulit,
1233 1738 1314 1770 tota

199 1784 593 1836 causa->judiciumque
611 1785 805 1822 sublatum
826 1791 891 1822 est.

255 1839 359 1877 XVI
366 1838 420 1876 ΙΙ.
452 1838 548 1876 Haec
567 1851 655 1876 cum
673 1838 727 1876 ita
751 1838 826 1876 sint
851 1838 891 1875 in
917 1851 970 1885 re,
991 1839 1059 1877 ubi
1080 1838 1223 1877 crimen
1241 1846 1311 1887 est,

200 1893 268 1933 ubi
287 1900 492 1938 aecusator,
514 1892 581 1929 ubi
600 1899 735 1934 testes:
757 1892 851 1943 quid
862 1891 1071 1943 indignius,
1092 1906 1225 1944 quam,
1245 1893 1316 1944 qui

201 1959 325 1998 neque
339 1945 466 1985 adesse
485 1946 532 1983 sit
548 1947 688 1994 jussus,
709 1958 832 1996 neque
852 1945 1000 1993 citatus,
1020 1958 1144 1997 neque
1162 1959 1313 1985 accusa-

200 2008 277 2047 tus,
299 1999 346 2037 de
358 2000 438 2048 ejus
458 1999 592 2049 capite,
612 1999 754 2043 liberis,
770 1999 932 2037 fortunis
943 2000 1135 2047 omnibus,
1149 1999 1314 2039 conduc-

201 2062 259 2093 tos
279 2052 441 2099 sicarios,
462 2060 611 2103 egentes
637 2061 673 2090 et
691 2053 870 2104 perditos,
898 2054 1122 2104 suffragium
1138 2053 1249 2100 ferre,
1277 2061 1315 2092 et

195 2120 279 2148 eam
306 2107 429 2157 legem
449 2109 614 2159 putare?
643 2108 715 2154 At,
746 2107 776 2144 si
804 2106 875 2144 hoc
893 2107 940 2146 de
960 2120 1021 2145 me
1039 2107 1177 2158 potuit,
1197 2120 1327 2159 quem·
