1425 2334
376 106 489 145 PRO
517 105 751 145 FLACCO.
782 105 885 145 CAP.
907 106 970 144 32.
1175 111 1222 147 31

114 212 222 263 quasi
240 213 421 251 honorem
440 214 628 262 majorum
647 220 801 252 tuorum
820 220 1009 251 assecutus
1029 226 1126 253 esses
1145 229 1154 253 ε
1185 223 1223 254 et

114 266 186 304 hoc
205 274 241 304 te
259 267 489 317 superiorem
507 268 666 317 putabas
685 280 775 314 esse,
789 279 906 317 quam
923 267 1102 314 Laelium,
1118 270 1220 319 quod

113 325 150 356 te
181 319 310 357 civitas
334 320 569 370 Pergamena
592 320 774 358 laudaret.
815 321 924 357 Num
947 320 1136 358 honestior
1165 330 1228 360 est·

111 372 241 411 civitas
253 373 501 424 Pergamena,
515 386 632 424 quam
647 376 811 424 Smyrna
823 373 841 410 P
869 380 908 411 at
921 386 968 411 ne
978 373 1050 424 ipsi
1065 375 1220 425 quidem

116 425 259 463 dicunt.

167 478 328 517 XXXI.
353 480 505 518 Vellem
521 487 670 518 tantum
686 480 823 518 habere
838 480 918 525 otii,
934 488 977 518 ut
992 493 1139 531 possem
1159 495 1218 520 re-

109 531 222 570 citare
234 533 452 584 psephisma
463 534 760 583 Smyrnaeorum,
777 533 879 584 quod
891 534 1058 571 fecerunt
1071 534 1111 571 in
1127 535 1220 572 Cas-

109 584 259 623 tricium
277 594 498 624 mortuum:
528 587 710 637 primum,
728 593 771 624 ut
784 587 824 624 in
843 587 1027 637 oppidum
1046 588 1219 625 introfer-

107 646 235 684 retur;
266 639 369 691 quod
391 639 473 677 aliis
487 651 562 677 non
578 639 816 678 conceditur:
847 640 994 688 deinde,
1022 648 1066 678 ut
1079 640 1218 679 ferrent

107 691 267 742 ephebi:
288 699 492 743 postremo,
508 701 552 731 ut
562 694 817 743 imponeretur
831 706 944 730 aurea
962 705 1096 731 corona
1114 707 1217 731 mor-

106 751 185 782 tuo.
217 745 313 784 Haec
334 746 378 783 P.
392 746 572 797 Scipioni,
589 746 794 784 clarissimo
806 747 898 793 viro,
912 759 998 784 cum
1013 754 1108 784 esset
1123 748 1215 785 Per-

105 798 209 848 gami
223 806 409 844 mortuus,
425 799 525 837 facta
542 812 618 837 non
637 806 736 837 sunt.
765 800 823 836 At
837 799 1059 837 Castricium
1074 800 1214 851 quibus

107 852 230 890 verbis
249 852 335 894 (Dii
353 853 585 890 immortales
604 853 634 899 !)
659 852 772 890 decus
790 853 934 903 patriae,
948 862 1213 892 ornamentum

106 905 239 955 populi
253 906 433 965 Romani,
450 906 580 943 florem
592 905 814 954 juventutis,
829 906 1021 956 appellant
1037 906 1045 942 !
1066 906 1211 955 Quare,

108 957 290 1006 Deciane,
303 958 334 996 si
353 959 512 1010 cupidus
524 972 561 997 es
574 959 717 1010 gloriae,
730 959 804 996 alia
815 966 1049 1006 ornamenta,
1063 971 1209 1008 censeo,

108 1023 269 1062 quaeras.

161 1065 386 1115 Pergameni
415 1071 452 1103 te
477 1065 697 1103 deriserunt.
734 1065 874 1113 Quid?
903 1073 945 1103 tu
972 1065 1053 1103 ludi
1075 1072 1112 1103 te
1137 1078 1212 1103 non

107 1117 357 1178 intelligebas,
384 1131 472 1156 cum
490 1118 560 1156 tibi
580 1119 661 1156 haec
679 1119 897 1156 recitabant
919 1122 947 1141 “
963 1119 1213 1157 clarissimum

107 1171 246 1217 virum,
262 1171 573 1222 praestantissima
591 1172 787 1222 sapientia,
803 1157 1007 1222 singulari
997 1172 1149 1222 ingenio
1165 1173 1213 1210 ?''

106 1223 203 1261 mihi
225 1225 346 1271 crede,
376 1224 569 1262 ludebant.
611 1226 712 1263 Cum
737 1238 824 1263 vero
853 1238 1029 1263 coronam
1057 1238 1213 1263 auream

100 1277 218 1315 literis
231 1277 496 1328 imponebant;
514 1291 553 1315 re
564 1278 651 1316 vera
666 1291 741 1316 non
753 1278 840 1328 plus
851 1291 989 1316 aurum
1001 1277 1083 1325 tibi,
1095 1291 1213 1329 quam

101 1331 650 1377 monedu1ae‚committebant;
671 1344 718 1369 ne
733 1340 816 1368 tum
836 1332 991 1381 quidem
1009 1331 1212 1369 hominum

103 1391 341 1422 venustatem
364 1392 401 1422 et
424 1383 575 1422 facetias
599 1385 808 1435 perspicere
831 1385 1020 1435 potuisti?
1051 1384 1122 1422 Isti
1140 1385 1212 1435 igi-

103 1444 180 1481 tur,
198 1436 261 1475 isti
281 1437 506 1488 Pergameni
524 1438 823 1489 proscriptiones,
844 1451 937 1488 quas
956 1446 997 1475 tu
1017 1437 1211 1486 afferebas,

101 1490 406 1540 repudiaverunt.
437 1491 481 1529 P.
502 1490 660 1539 Orbius,
680 1491 794 1528 homo
813 1497 850 1529 et
866 1491 1031 1542 prudens
1051 1498 1087 1529 et
1103 1491 1212 1529 inno-

104 1550 205 1591 cens,
225 1551 354 1582 contra
371 1551 409 1582 te
426 1544 555 1584 omnia
573 1544 746 1583 decrevit.

157 1596 343 1635 XXXII.
380 1598 428 1635 ln
455 1598 500 1634 P.
529 1598 756 1645 Globulum,
784 1610 915 1635 meum
945 1597 1209 1647 necessarlum,

102 1649 208 1688 fuisti
225 1650 431 1701 gratiosior.
461 1650 621 1688 Utinam
640 1663 763 1716 neque
776 1650 902 1701 ipsum
918 1664 1040 1702 neque
1054 1664 1116 1689 me
1133 1666 1212 1702 Ρω-

102 1703 264 1743 niteret!
297 1702 527 1765 [Flaccum
517 1716 556 1740 m
577 1704 681 1742 curia
702 1704 959 1743 decrevissent.
966 1706 981 1764 ]
1014 1704 1210 1744 Veridicas

103 1756 279 1806 adjungis
298 1769 427 1795 causas
444 1757 742 1804 inimicitiarum,
762 1757 865 1808 quod
883 1758 981 1808 patri
1001 1758 1047 1794 L.
1069 1757 1210 1807 Flacci,

103 1809 204 1846 aedili
222 1810 357 1857 curuli,
377 1817 483 1861 pater
500 1817 604 1857 tuus,
629 1811 804 1849 tribunus
826 1811 961 1871 plebis,
981 1811 1081 1848 diem
1105 1811 1212 1850 dixe.

104 1863 165 1900 rit.
195 1864 253 1900 At
270 1862 386 1910 istud,
410 1875 457 1901 ne
475 1863 548 1914 ipsi
566 1863 720 1914 quidem
739 1864 837 1915 patri
858 1864 982 1902 Flacci
1002 1864 1110 1902 valde
1128 1877 1212 1902 mou

101 1916 240 1953 lestum
258 1928 336 1955 esse
347 1916 502 1961 debuit3
527 1917 734 1967 praesertim
749 1930 836 1955 cum
851 1917 928 1966 ille,
942 1917 1003 1954 cui
1018 1916 1097 1954 dies
1112 1917 1212 1956 dicta

103 1975 173 2014 est,
192 1975 329 2019 praetor
345 1976 473 2020 postea
485 1969 606 2008 factus
618 1971 679 2017 sit,
695 1977 732 2007 et
746 1970 903 2015 consu13
933 1970 1010 2016 ille,
1028 1970 1095 2020 qui
1107 1970 1209 2008 diem

103 2021 214 2067 dixit,
226 2034 302 2059 non
316 2023 479 2083 potuerit
490 2023 658 2073 privatus
669 2023 708 2060 in
724 2023 872 2061 civitate
887 2023 1093 2061 consistere.
1121 2024 1210 2072 Sed,

102 2075 134 2114 si
149 2076 270 2123 justas
287 2074 502 2114 inimicitias
519 2078 693 2137 putabas,
707 2089 787 2124 cur,
808 2088 896 2114 cum
916 2076 1090 2114 tribunus
1108 2076 1210 2113 mili-

103 2136 187 2166 tum
208 2128 366 2166 Flaccus
390 2135 498 2175 esset,
525 2129 564 2166 in
587 2130 668 2178 ejus
690 2129 838 2180 legione
854 2129 963 2167 miles
982 2128 1100 2172 fuisti,
1120 2141 1209 2167 cum

106 2180 188 2230 tibi,
208 2194 275 2232 per
298 2181 398 2233 leges
418 2181 613 2230 militares,
633 2181 798 2233 effugere
820 2182 946 2220 liceret
971 2180 1209 2231 iniquitatem
