1455 2343
214 115 292 156 192
348 116 425 156 DE
456 117 700 158 HARUSP.
730 116 998 158 RESPONS.
1028 118 1135 158 CAP.
1154 117 1194 157 6.

211 223 310 262 mitu
329 223 369 263 in
387 225 565 265 concione
583 224 779 271 recitavit3
808 225 848 264 in
868 239 959 278 quo,
975 238 1064 265 cum
1083 225 1166 265 aliis
1176 224 1326 273 multiS‚

213 278 397 330 scriptum
425 280 540 318 etiam
558 279 655 318 inud
674 287 729 318 est
748 279 818 327 (id,
849 279 953 331 quod
981 279 1159 327 audistis)
1194 281 1223 303 “
1242 279 1326 318 loca

214 345 331 379 sacra,
352 340 389 371 et
407 333 594 385 religiosa,
614 333 773 385 profana
790 333 962 372 haberi.''
991 335 1041 372 In
1057 333 1101 372 ea
1115 332 1228 372 causa
1247 345 1326 378 esse

212 385 310 424 dixit
332 386 491 426 domum
520 400 661 435 meam,
692 400 716 425 a
743 386 1022 439 religiosissimo
1046 387 1249 436 sacerdote,
1276 387 1328 425 P.

214 439 365 487 Clodio,
385 448 653 480 consecratam.

269 493 443 543 Gaudeo,
473 494 584 544 mihi,
619 494 666 533 de
695 501 775 533 toto
798 493 871 533 hoc
892 501 1052 543 ostento,
1080 494 1202 546 (quod
1222 492 1328 532 haud

215 546 291 586 scio
319 560 368 586 an
398 548 665 599 gravissimum
689 548 825 587 multis
851 548 911 587 his
939 548 1048 587 annis
1073 548 1166 587 huic
1203 547 1328 586 ordini

213 601 434 640 nuntiatum
454 602 518 650 sit)
538 602 681 650 datam,
702 614 779 640 non
801 602 917 640 modo
942 603 1101 652 justam,
1127 601 1193 640 sed
1210 601 1326 640 etiam

214 655 476 703 necessariam,
498 668 651 694 causam
671 668 750 694 esse
775 655 935 694 dicendi.
976 653 1189 707 Reperietis
1207 655 1325 704 enim,

215 721 263 746 ex
282 708 354 747 hoc
373 716 451 747 toto
465 709 637 761 prodigio
655 716 770 761 atque
780 721 973 760 responso,
989 721 1057 748 nos
1068 709 1116 748 de
1128 707 1237 747 istius
1250 721 1328 747 sce-

213 761 290 800 lere
302 775 344 800 ac
355 762 495 811 furore,
509 775 552 801 ac
563 763 611 801 de
623 762 932 814 impendentibus
945 762 1121 815 periculis
1131 762 1328 810 maximis,

212 828 332 867 prope
357 815 440 865 jam
459 830 548 855 voce
575 816 686 855 Jovis
708 816 861 868 Optimi
889 816 1060 855 Maximi
1088 815 1326 868 praemoneri.

215 869 291 907 Sed
309 869 479 921 primum
499 870 660 922 expiabo
679 870 899 921 religionem
926 870 1068 908 aedium
1086 882 1274 917 mearum,
1296 868 1328 908 si

214 922 256 960 id
274 923 396 962 facere
414 937 499 962 vere
518 937 561 963 ac
580 924 660 962 slne
679 925 906 976 cujusquam
929 923 1165 963 dubitatione
1182 930 1326 975 potero.

215 976 284 1015 Sin
303 978 504 1029 scrupulus
522 977 765 1016 tenuissimus
783 978 942 1016 residere
961 978 1098 1029 aliquis
1112 977 1326 1016 videbitur=

215 1042 292 1068 non
311 1031 426 1070 modo
439 1031 610 1083 patienti,
632 1031 698 1069 sed
717 1031 830 1070 etiam
849 1031 997 1080 libenti,
1013 1032 1155 1080 animo,
1175 1038 1330 1083 porten-

214 1083 263 1122 tis
282 1084 456 1123 Deorum
475 1085 751 1123 immortalium
770 1085 1019 1137 religionique
1039 1087 1192 1136 parebo.

270 1137 343 1176 VI.
376 1139 451 1177 Sed
470 1153 556 1190 quae
571 1139 725 1177 tandem
740 1147 795 1177 est
811 1139 851 1176 in
864 1139 934 1177 hac
950 1141 1043 1177 urbe
1057 1139 1163 1177 tanta
1174 1138 1325 1186 domus,

215 1192 264 1229 ab
283 1191 357 1229 ista
375 1193 566 1243 religionis
585 1192 798 1243 suspicione
816 1200 894 1232 tam
917 1205 1035 1231 vacua
1056 1201 1170 1244 atque
1197 1205 1295 1244 pura
1308 1194 1326 1230 Ρ

216 1244 469 1296 Quamquam
484 1253 616 1284 vestrae
633 1246 785 1294 domus,
805 1253 929 1297 patres
948 1246 1160 1298 conscripti,
1177 1253 1330 1284 caetero-

214 1311 379 1350 rumque
393 1299 548 1347 civium,
569 1299 694 1337 multo
712 1300 884 1337 maxima
903 1312 950 1337 ex
968 1307 1074 1351 parte
1092 1306 1181 1337 sunt
1198 1299 1328 1337 liberae

213 1352 408 1402 religione,
424 1359 552 1391 tamen
571 1365 649 1390 una
667 1366 753 1391 mea
771 1353 908 1391 domus
923 1352 1075 1402 judiciis
1089 1352 1266 1391 omnibus
1280 1352 1328 1390 li-

213 1406 357 1453 berata,
377 1405 417 1444 in
431 1406 503 1444 hac
521 1408 628 1453 urbe,
650 1407 729 1444 sola
747 1413 812 1444 est.
842 1407 902 1444 Te
920 1406 1022 1444 enim
1037 1407 1203 1458 appello,
1224 1406 1328 1444 Len·

213 1459 307 1507 tule,
329 1467 366 1497 et
385 1466 435 1507 te,
468 1459 659 1511 Philippe.
699 1460 764 1497 Ex
782 1459 854 1498 hoc
876 1460 1121 1511 haruspicum
1149 1471 1328 1511 responso

214 1511 378 1550 decrevit
396 1520 562 1561 senatus,
575 1521 618 1551 ut
632 1513 678 1551 de
696 1513 788 1551 locis
806 1513 931 1561 sacris,
947 1513 1142 1564 religiosis,
1156 1513 1204 1551 ad
1221 1513 1327 1551 hunc

214 1565 388 1604 ordinem
406 1567 603 1605 referretis.
626 1567 838 1605 Potestisne
854 1567 990 1605 referre
1009 1567 1056 1606 de
1074 1567 1162 1605 mea
1179 1567 1294 1605 domo
1308 1569 1328 1606 Ρ

215 1632 302 1670 quae
321 1622 382 1663 (ut
400 1620 498 1668 dixi)
518 1621 611 1667 sola,
631 1620 672 1657 in
690 1620 761 1659 hac
776 1622 883 1669 urbe,
910 1621 1016 1659 omni
1034 1620 1227 1671 religione,
1243 1633 1328 1659 om-

213 1672 327 1710 nibus
342 1673 508 1722 judiciis,
526 1674 684 1712 liberata
695 1681 773 1712 est:
805 1687 937 1726 quam,
949 1675 1134 1725 primum,
1149 1674 1329 1712 inimicus

215 1725 298 1776 ipse
317 1726 373 1769 (in
392 1726 460 1765 ins
478 1734 700 1779 tempestate
719 1741 762 1766 ac
775 1735 884 1765 nocte
898 1727 1128 1779 reipublicae,
1148 1741 1236 1766 cum
1257 1740 1328 1766 cae-

211 1786 293 1817 tera
311 1780 449 1818 scelera
463 1781 548 1819 stilo
566 1781 632 1819 illo
654 1781 822 1832 impuro,
850 1782 938 1820 Sex.
964 1781 1090 1820 Clodii
1108 1794 1171 1820 ore
1195 1781 1326 1829 tincto,

218 1833 515 1885 conscripsisset)
528 1847 576 1872 ne
592 1833 670 1872 unzi
684 1834 840 1886 quidem
852 1834 978 1885 attigit
994 1835 1105 1874 liter‘a
1122 1834 1328 1886 religionis.

215 1885 368 1925 Deinde
380 1887 553 1926 eamdem
565 1888 725 1926 domum
743 1885 909 1940 populus
924 1889 1138 1936 Romanus,
1153 1890 1262 1938 cujus
1273 1894 1330 1926 est

214 1951 369 1978 summa
385 1948 549 1992 potestas
567 1942 742 1979 omnium
760 1955 903 1989 rerum,
920 1942 1081 1981 comitiis
1095 1941 1328 1990 centuriatis,

211 1993 387 2031 omnium
406 2001 564 2033 aetatum
582 1994 837 2048 ordinumque
865 1995 1067 2048 suffragiis,
1093 1996 1225 2035 eodem
1240 1996 1336 2046 jure·

214 2059 295 2085 esse
310 2047 436 2096 jussit,
457 2061 533 2100 quo
551 2048 696 2087 fuisset.

268 2100 408 2139 Postea
426 2114 506 2147 vos,
526 2108 652 2153 patres
670 2103 883 2154 conscripti,
902 2116 979 2142 non
998 2103 1103 2155 quod
1126 2102 1244 2141 dubia
1268 2114 1328 2140 res

213 2160 323 2203 esset,
345 2153 410 2192 sed
428 2161 472 2193 ut
489 2155 579 2194 huic
597 2155 707 2194 furiae
726 2156 774 2200 (si
788 2157 932 2196 diutius
945 2157 986 2194 in
1000 2157 1072 2195 hac
1085 2158 1197 2204 urbe,
1209 2167 1327 2207 quam

213 2205 338 2246 delere
363 2217 530 2260 cuperet,
561 2217 748 2260 maneret)
774 2223 847 2250 vox
875 2210 1171 2259 interdiceretur,
1204 2209 1331 2247 ‹lecre-
