1425 2334
357 62 470 102 PRO
500 59 765 100 PLANCIO.
796 58 899 107 CAi’.
929 62 966 98 6.
1130 63 1208 113 223
1244 29 1249 34 ·

112 167 160 206 tis
178 174 253 206 tuae
277 167 471 208 deseruisti
488 181 532 207 30
552 166 806 219 dereliquisti.
837 179 996 227 coeperas
1023 168 1124 206 enim
1142 183 1209 221 pe-

111 228 188 259 tere
215 221 448 260 tribunatum
476 222 596 273 plebis
632 220 864 271 temporibus
892 220 950 268 iis,
982 235 1068 272 quae
1096 222 1207 261 istam

111 273 363 325 eloquentiam
381 282 418 313 et
437 275 614 313 virtutem
632 274 894 336 requirebant:
925 287 1040 324 quam
1048 276 1207 334 'petitio-

110 337 198 364 nem
227 340 315 365 cum
330 329 553 379 reliquisses,
573 328 605 366 si
629 328 699 365 hoc
717 324 900 386 indicasti,
925 326 1028 364 tanta
1045 328 1083 364 in
1109 337 1205 367 tem..

107 387 250 429 pestate
267 388 304 419 te
321 383 530 432 gubernare
547 393 622 419 non
641 393 762 432 posse,
783 379 829 417 de
848 379 984 417 virtute
1010 380 1074 418 tua
1095 381 1207 420 dubi-

107 433 209 471 tavi:
239 433 270 472 si
287 435 413 479 nolle·
443 435 490 473 de
508 435 709 472 voluntate.
739 433 806 472 Sin
821 433 940 484 (quod
958 434 1079 484 magis
1097 435 1207 473 intel-

105 484 200 536 ligo)
220 487 450 538 temporibus
468 496 505 526 te
530 488 612 527 aliis
631 486 848 532 reservasti;
878 498 946 536 ego
964 500 1128 547 quoque,
1148 489 1208 526 in-

109 551 240 589 quam,
267 548 304 578 et
331 541 555 592 respublica,
575 541 624 578 ad
642 554 684 579 ea
703 548 739 579 te
757 547 926 590 tempora
949 541 1130 588 revocavi,
1158 542 1206 579 ad

107 604 194 642 quae
218 601 261 631 tu
280 600 316 631 te
332 594 413 646 ipse
431 607 606 632 581ν3135.
646 594 738 632 Pete
761 593 876 643 igitur
902 606 989 631 eum
1008 594 1207 645 1113815113-

107 650 206 693 tum,
225 646 266 684 in
284 660 361 698 quo
378 647 474 685 mihi
491 660 640 698 magnae
657 647 811 685 utilitati
825 659 901 684 esse
919 647 1060 697 possis3
1082 648 1207 686 aediles

108 698 339 758 quicumque
371 708 494 749 erunt,
520 702 621 739 idem
649 700 744 739 1111111
765 698 874 748 [sunt
891 700 1035 747 judices
1057 702 1202 752 parati·

105 751 247 790 tribuni
276 754 409 804 plebis,
439 754 636 805 permagni
665 754 830 802 interest,
851 753 917 804 qui
946 753 1032 791 sint.
1076 754 1206 802 Quare

107 812 175 842 aut
192 805 304 844 redde
322 807 436 859 mihi]
451 808 554 858 quod
572 807 806 845 ostenderas.
838 814 917 853 aut,
934 807 978 855 si,
999 808 1100 858 quod
1119 809 1205 846 mea

105 857 232 896 minus
243 859 409 907 interest,
442 861 482 898 id
513 869 550 899 te
574 861 694 911 magis
722 860 816 898 forte
847 859 1018 907 delectat,
1049 861 1204 899 reddam

104 911 173 949 tibi
186 911 296 950 istam
317 913 547 963 aedilitatem,
568 914 681 952 etiam
699 913 930 964 negligenter
948 914 1099 964 petenti.
1129 915 1204 953 Sed

102 965 354 1015 amplissimos
370 967 528 1005 honores
545 975 589 1004 ut
606 980 674 1018 pro
688 966 869 1017 dignitate
884 966 950 1003 tua
963 979 1201 1018 consequare,

103 1018 307 1066 condiscas,
327 1032 469 1068 censeo,
485 1021 580 1058 mihi
598 1021 713 1080 paulo
731 1019 948 1070 (1111881111115
966 1021 1188 1071 supplicare.

158 1071 232 1110 VI.
263 1073 358 1111 Haec
371 1074 505 1125 populi
518 1074 634 1111 oratio
646 1082 723 1111 est:
754 1086 838 1111 mea
853 1085 953 1120 vero,
973 1073 1200 1123 Laterensis,

101 1124 206 1163 haec:
237 1124 367 1172 Quare
385 1127 504 1166 victus
522 1127 584 1175 sis,
604 1139 677 1164 non
699 1126 832 1165 debere
839 1125 1005 1176 judicem
1021 1140 1200 1177 quaerere,

102 1177 216 1217 modo
234 1191 282 1216 ne
304 1179 517 1241 largitione
519 1180 568 1218 sis
586 1180 715 1218 victus.
745 1180 864 1226 Nam,
885 1179 929 1225 si,
950 1180 1201 1240 quotiescum-

100 1243 176 1291 que
192 1232 402 1282 praeten‘tus
420 1234 489 1271 erit
506 1233 537 1271 15
556 1233 623 1285 qui
640 1245 717 1271 non
738 1232 907 1270 debuerit
925 1233 1117 1283 praeteriri,
1144 1241 1201 1272 to-

98 1284 167 1322 ties
177 1285 383 1346 oportebit,
399 1299 502 1335 eum,
519 1287 586 1338 qui
604 1286 724 1324 factus
745 1286 827 1333 erit,
847 1286 1112 1331 condemnari3
1141 1288 1201 1324 ni·-

99 1337 184 1375 hil·
170 1351 251 1386 Jam
276 1346 343 1387 est,
377 1340 480 1390 quod
507 1339 649 1390 populo
680 1339 937 1390 supplicetur,
966 1339 1076 1388 nihil,
1097 1340 1200 1390 quod

98 1390 286 1440 diremtio,
319 1392 428 1438 nihil,
461 1393 564 1444 quod
597 1391 840 1443 [supplicatio
868 1391 1196 1454 magistratuum,]

99 1445 326 1483 renuntiatio
337 1445 618 1497 suffragiorum,
639 1452 882 1497 exspectetur.
913 1445 1037 1483 Simul
1054 1453 1111 1495 ut,
1132 1447 1200 1498 qui

97 1497 175 1535 sint
191 1498 360 1548 professi,
383 1499 523 1547 videro,
554 1499 701 1537 dicam:
732 1498 810 1536 Hic
837 1498 984 1536 familia
1013 1500 1199 1537 consulari

98 1558 168 1598 est,
186 1551 251 1590 ille
268 1552 468 1612 praetoria3
498 1552 663 1603 reliquos
681 1551 788 1590 video
807 1564 885 1589 esse
902 1553 1064 1602 equestri
1089 1552 1194 1591 loco:

97 1610 187 1641 sunt
203 1617 332 1644 omnes
350 1605 429 1643 sine
446 1606 621 1650 111301113;
652 1611 740 1643 sunt
758 1617 864 1655 aeque
882 1605 972 1642 boni
996 1605 1067 1643 viri
1085 1612 1199 1657 atque

97 1656 256 1708 integri.
287 1659 350 1696 sed
367 1659 506 1697 servari
534 1671 681 1697 necesse
711 1665 765 1696 est
793 1657 955 1708 gradus:
986 1658 1092 1696 cedat
1110 1671 1198 1697 con-

97 1710 213 1748 sulari
230 1712 357 1761 generi
373 1711 616 1762 praetorium3
646 1724 714 1750 nec
731 1710 930 1750 contendat
949 1723 1035 1749 cum
1061 1719 1197 1762 praeto-

98 1763 153 1800 rio
178 1771 348 1814 equester
377 1765 494 1803 locus.
534 1766 691 1803 Sublata
719 1772 808 1803 sunt
837 1764 975 1811 studia,
1007 1765 1198 1803 exstinctae

97 1815 393 1866 suffragationes,
412 1818 528 1856 nullae
546 1819 812 1866 contentiones,
830 1818 937 1855 nulla
960 1817 1112 1855 libertas
1128 1831 1197 1877 po-

95 1869 178 1920 puli
204 1869 244 1906 in
269 1870 493 1909 mandandis
515 1871 808 1922 magistratibus,
838 1871 946 1908 nulla
971 1871 1196 1922 exspectatio

96 1922 381 1973 suffragiorum:
422 1923 532 1973 nihil,
562 1931 606 1962 ut
634 1925 858 1976 plerumque
895 1924 1030 1970 evenit,
1062 1931 1196 1974 praeter

96 1975 312 2037 opinionem
343 1976 506 2015 accidet:
535 1977 642 2015 nulla
660 1978 729 2016 erit
748 1978 904 2029 posthac
918 1977 1074 2015 varietas
1093 1989 1196 2014 com-

93 2029 259 2067 itiorum.
289 2029 356 2067 Sin
374 2029 445 2068 hoc
462 2043 627 2081 persaepe
644 2031 789 2079 accidit,
809 2038 852 2068 ut
870 2038 906 2068 et
923 2029 1038 2067 factos
1049 2029 1196 2080 aliquos

95 2090 132 2121 et
150 2093 226 2120 non
243 2081 360 2121 factos
390 2095 467 2122 esse
493 2084 699 2129 miremur;
729 2085 760 2122 51
780 2084 962 2134 Campus,
982 2090 1096 2134 atque
1119 2082 1195 2119 illae

91 2136 203 2176 undae
218 2135 469 2186 comitiorum,
482 2144 526 2176 ut
539 2149 642 2176 mare
655 2137 884 2189 profundum
902 2144 938 2175 et
949 2136 1193 2181 immensum,
