<?xml version="1.0" encoding="UTF-8"?>
<!DOCTYPE html PUBLIC "-//W3C//DTD XHTML 1.0 Transitional//EN"
    "http://www.w3.org/TR/xhtml1/DTD/xhtml1-transitional.dtd">
<html xmlns="http://www.w3.org/1999/xhtml" xml:lang="en" lang="en">
 <head>
  <title>
</title>
<meta http-equiv="Content-Type" content="text/html;charset=utf-8" />
  <meta name='ocr-system' content='tesseract 3.04.00' />
  <meta name='ocr-capabilities' content='ocr_page ocr_carea ocr_par ocr_line ocrx_word'/>
</head>
<body>
  <div class='ocr_page' id='page_1' title='image "./operaern07ciceuoft_0405.png"; bbox 0 0 1389 2339; ppageno 0'>
   <div class='ocr_carea' id='block_1_1' title="bbox 224 92 1193 135">
    <p class='ocr_par' dir='ltr' id='par_1_1' title="bbox 224 92 1193 135">
     <span class='ocr_line' id='line_1_1' title="bbox 224 92 1193 135; baseline -0.003 0"><span class='ocrx_word' id='word_1_1' title='bbox 224 96 300 135; x_wconf 85' lang='lat' dir='ltr'>DE</span> <span class='ocrx_word' id='word_1_2' title='bbox 322 95 590 135; x_wconf 87' lang='lat' dir='ltr'>PROVINC.</span> <span class='ocrx_word' id='word_1_3' title='bbox 613 92 846 132; x_wconf 82' lang='lat' dir='ltr'>CONSUL.</span> <span class='ocrx_word' id='word_1_4' title='bbox 878 94 980 133; x_wconf 69' lang='lat' dir='ltr'>CAP.</span> <span class='ocrx_word' id='word_1_5' title='bbox 1006 96 1065 132; x_wconf 78' lang='grc'>14.</span> <span class='ocrx_word' id='word_1_6' title='bbox 1118 95 1193 134; x_wconf 80' lang='grc'>391</span> 
     </span>
    </p>
   </div>
   <div class='ocr_carea' id='block_1_2' title="bbox 90 200 1201 2214">
    <p class='ocr_par' dir='ltr' id='par_1_2' title="bbox 90 200 1201 2214">
     <span class='ocr_line' id='line_1_2' title="bbox 99 200 1197 252; baseline -0.001 -12"><span class='ocrx_word' id='word_1_7' title='bbox 99 203 314 241; x_wconf 80' lang='lat' dir='ltr'>refutandas</span> <span class='ocrx_word' id='word_1_8' title='bbox 343 202 468 252; x_wconf 83' lang='lat' dir='ltr'>potius</span> <span class='ocrx_word' id='word_1_9' title='bbox 497 203 608 247; x_wconf 84' lang='lat' dir='ltr'>bello,</span> <span class='ocrx_word' id='word_1_10' title='bbox 639 213 754 251; x_wconf 79' lang='grc'>(1113111</span> <span class='ocrx_word' id='word_1_11' title='bbox 782 200 1022 247; x_wconf 40' lang='lat' dir='ltr'>lacessenda&amp;</span> <span class='ocrx_word' id='word_1_12' title='bbox 1043 210 1197 251; x_wconf 83' lang='lat' dir='ltr'>putave-</span> 
     </span>
     <span class='ocr_line' id='line_1_3' title="bbox 101 254 1199 306; baseline -0.003 -13"><span class='ocrx_word' id='word_1_13' title='bbox 101 264 201 293; x_wconf 84' lang='lat' dir='ltr'>runt.</span> <span class='ocrx_word' id='word_1_14' title='bbox 230 256 318 306; x_wconf 89' lang='lat' dir='ltr'>Ipse</span> <span class='ocrx_word' id='word_1_15' title='bbox 334 255 399 293; x_wconf 89' lang='lat' dir='ltr'>ille</span> <span class='ocrx_word' id='word_1_16' title='bbox 417 255 462 293; x_wconf 89' lang='lat' dir='ltr'>C.</span> <span class='ocrx_word' id='word_1_17' title='bbox 484 255 646 298; x_wconf 85' lang='lat' dir='ltr'>Marius,</span> <span class='ocrx_word' id='word_1_18' title='bbox 658 256 766 302; x_wconf 88' lang='lat' dir='ltr'>cujus</span> <span class='ocrx_word' id='word_1_19' title='bbox 784 254 912 291; x_wconf 83' lang='lat' dir='ltr'>divina</span> <span class='ocrx_word' id='word_1_20' title='bbox 929 263 1042 304; x_wconf 89' lang='lat' dir='ltr'>atque</span> <span class='ocrx_word' id='word_1_21' title='bbox 1060 254 1199 292; x_wconf 79' lang='lat' dir='ltr'>eximia</span> 
     </span>
     <span class='ocr_line' id='line_1_4' title="bbox 101 307 1198 358; baseline -0.001 -13"><span class='ocrx_word' id='word_1_22' title='bbox 101 309 218 346; x_wconf 79' lang='lat' dir='ltr'>virtus</span> <span class='ocrx_word' id='word_1_23' title='bbox 235 308 383 358; x_wconf 78' lang='lat' dir='ltr'>magnis</span> <span class='ocrx_word' id='word_1_24' title='bbox 399 307 531 358; x_wconf 88' lang='lat' dir='ltr'>populi</span> <span class='ocrx_word' id='word_1_25' title='bbox 558 307 723 345; x_wconf 83' lang='lat' dir='ltr'>Romani</span> <span class='ocrx_word' id='word_1_26' title='bbox 748 307 912 344; x_wconf 90' lang='lat' dir='ltr'>luctibus</span> <span class='ocrx_word' id='word_1_27' title='bbox 929 307 1198 357; x_wconf 77' lang='lat' dir='ltr'>funeribusque</span> 
     </span>
     <span class='ocr_line' id='line_1_5' title="bbox 100 359 1198 406; baseline -0.002 -8"><span class='ocrx_word' id='word_1_28' title='bbox 100 361 286 406; x_wconf 80' lang='lat' dir='ltr'>subvenit,</span> <span class='ocrx_word' id='word_1_29' title='bbox 318 360 516 398; x_wconf 88' lang='lat' dir='ltr'>influentes</span> <span class='ocrx_word' id='word_1_30' title='bbox 544 360 584 397; x_wconf 91' lang='lat' dir='ltr'>in</span> <span class='ocrx_word' id='word_1_31' title='bbox 616 359 767 397; x_wconf 89' lang='lat' dir='ltr'>Italiam</span> <span class='ocrx_word' id='word_1_32' title='bbox 787 360 986 397; x_wconf 78' lang='lat' dir='ltr'>Gallorum</span> <span class='ocrx_word' id='word_1_33' title='bbox 1012 359 1198 397; x_wconf 81' lang='lat' dir='ltr'>maximas</span> 
     </span>
     <span class='ocr_line' id='line_1_6' title="bbox 99 412 1201 464; baseline -0.002 -13"><span class='ocrx_word' id='word_1_34' title='bbox 99 413 223 464; x_wconf 88' lang='lat' dir='ltr'>copias</span> <span class='ocrx_word' id='word_1_35' title='bbox 240 414 436 464; x_wconf 58' lang='lat' dir='ltr'>repressit,</span> <span class='ocrx_word' id='word_1_36' title='bbox 466 425 541 451; x_wconf 90' lang='lat' dir='ltr'>non</span> <span class='ocrx_word' id='word_1_37' title='bbox 566 414 644 463; x_wconf 90' lang='lat' dir='ltr'>ipse</span> <span class='ocrx_word' id='word_1_38' title='bbox 662 412 710 449; x_wconf 83' lang='lat' dir='ltr'>ad</span> <span class='ocrx_word' id='word_1_39' title='bbox 729 424 858 450; x_wconf 90' lang='lat' dir='ltr'>eorum</span> <span class='ocrx_word' id='word_1_40' title='bbox 883 414 994 450; x_wconf 87' lang='lat' dir='ltr'>urbes</span> <span class='ocrx_word' id='word_1_41' title='bbox 1021 412 1201 462; x_wconf 86' lang='lat' dir='ltr'>sedesque</span> 
     </span>
     <span class='ocr_line' id='line_1_7' title="bbox 98 465 1197 524; baseline -0.002 -20"><span class='ocrx_word' id='word_1_42' title='bbox 98 467 315 517; x_wconf 61' lang='lat' dir='ltr'>penetravit„</span> <span class='ocrx_word' id='word_1_43' title='bbox 337 466 456 504; x_wconf 88' lang='lat' dir='ltr'>Modo</span> <span class='ocrx_word' id='word_1_44' title='bbox 469 466 533 504; x_wconf 92' lang='lat' dir='ltr'>ille</span> <span class='ocrx_word' id='word_1_45' title='bbox 546 477 717 503; x_wconf 85' lang='lat' dir='ltr'>meorum</span> <span class='ocrx_word' id='word_1_46' title='bbox 728 465 916 513; x_wconf 86' lang='lat' dir='ltr'>laborum,</span> <span class='ocrx_word' id='word_1_47' title='bbox 931 465 1197 524; x_wconf 85' lang='lat' dir='ltr'>periculorum,</span> 
     </span>
     <span class='ocr_line' id='line_1_8' title="bbox 100 517 1198 566; baseline -0.001 -10"><span class='ocrx_word' id='word_1_48' title='bbox 100 520 341 557; x_wconf 88' lang='lat' dir='ltr'>consiliorum</span> <span class='ocrx_word' id='word_1_49' title='bbox 382 519 516 566; x_wconf 83' lang='lat' dir='ltr'>socius,</span> <span class='ocrx_word' id='word_1_50' title='bbox 554 520 598 557; x_wconf 82' lang='lat' dir='ltr'>C.</span> <span class='ocrx_word' id='word_1_51' title='bbox 635 518 847 565; x_wconf 88' lang='lat' dir='ltr'>Pomtinus,</span> <span class='ocrx_word' id='word_1_52' title='bbox 877 517 1100 556; x_wconf 87' lang='lat' dir='ltr'>fortissimus</span> <span class='ocrx_word' id='word_1_53' title='bbox 1128 518 1198 564; x_wconf 84' lang='lat' dir='ltr'>vir,</span> 
     </span>
     <span class='ocr_line' id='line_1_9' title="bbox 99 570 1201 623; baseline -0.001 -14"><span class='ocrx_word' id='word_1_54' title='bbox 99 581 225 610; x_wconf 86' lang='lat' dir='ltr'>ortum</span> <span class='ocrx_word' id='word_1_55' title='bbox 243 580 393 623; x_wconf 89' lang='lat' dir='ltr'>repente</span> <span class='ocrx_word' id='word_1_56' title='bbox 411 572 554 610; x_wconf 90' lang='lat' dir='ltr'>bellum</span> <span class='ocrx_word' id='word_1_57' title='bbox 573 571 843 621; x_wconf 74' lang='lat' dir='ltr'>Allobrogum,</span> <span class='ocrx_word' id='word_1_58' title='bbox 862 583 975 622; x_wconf 81' lang='lat' dir='ltr'>atque</span> <span class='ocrx_word' id='word_1_59' title='bbox 992 570 1062 608; x_wconf 87' lang='lat' dir='ltr'>hac</span> <span class='ocrx_word' id='word_1_60' title='bbox 1089 571 1201 608; x_wconf 88' lang='lat' dir='ltr'>scele-</span> 
     </span>
     <span class='ocr_line' id='line_1_10' title="bbox 99 624 1201 675; baseline 0 -14"><span class='ocrx_word' id='word_1_61' title='bbox 99 625 181 662; x_wconf 87' lang='lat' dir='ltr'>rata</span> <span class='ocrx_word' id='word_1_62' title='bbox 205 625 459 674; x_wconf 86' lang='lat' dir='ltr'>conjuratione</span> <span class='ocrx_word' id='word_1_63' title='bbox 488 625 705 670; x_wconf 85' lang='lat' dir='ltr'>excitatum,</span> <span class='ocrx_word' id='word_1_64' title='bbox 738 624 875 674; x_wconf 69' lang='grc'>111-(81113</span> <span class='ocrx_word' id='word_1_65' title='bbox 905 624 1031 675; x_wconf 85' lang='lat' dir='ltr'>fregit,</span> <span class='ocrx_word' id='word_1_66' title='bbox 1064 636 1201 674; x_wconf 88' lang='lat' dir='ltr'>eosque</span> 
     </span>
     <span class='ocr_line' id='line_1_11' title="bbox 99 677 1195 729; baseline -0.001 -14"><span class='ocrx_word' id='word_1_67' title='bbox 99 677 259 725; x_wconf 91' lang='lat' dir='ltr'>domuit,</span> <span class='ocrx_word' id='word_1_68' title='bbox 279 679 347 729; x_wconf 91' lang='lat' dir='ltr'>qui</span> <span class='ocrx_word' id='word_1_69' title='bbox 372 678 631 721; x_wconf 75' lang='lat' dir='ltr'>lacessierant3</span> <span class='ocrx_word' id='word_1_70' title='bbox 660 684 710 723; x_wconf 91' lang='lat' dir='ltr'>et,</span> <span class='ocrx_word' id='word_1_71' title='bbox 736 677 780 714; x_wconf 64' lang='lat' dir='ltr'>ea</span> <span class='ocrx_word' id='word_1_72' title='bbox 802 677 955 714; x_wconf 71' lang='lat' dir='ltr'>victoria</span> <span class='ocrx_word' id='word_1_73' title='bbox 985 684 1195 722; x_wconf 87' lang='lat' dir='ltr'>contentus,</span> 
     </span>
     <span class='ocr_line' id='line_1_12' title="bbox 100 730 1196 781; baseline -0.001 -13"><span class='ocrx_word' id='word_1_74' title='bbox 100 731 293 781; x_wconf 67' lang='lat' dir='ltr'>republica</span> <span class='ocrx_word' id='word_1_75' title='bbox 323 738 428 768; x_wconf 88' lang='lat' dir='ltr'>metu</span> <span class='ocrx_word' id='word_1_76' title='bbox 456 730 626 775; x_wconf 67' lang='lat' dir='ltr'>liberata,</span> <span class='ocrx_word' id='word_1_77' title='bbox 657 730 811 780; x_wconf 83' lang='lat' dir='ltr'>quievit.</span> <span class='ocrx_word' id='word_1_78' title='bbox 840 730 885 767; x_wconf 90' lang='lat' dir='ltr'>C.</span> <span class='ocrx_word' id='word_1_79' title='bbox 909 730 1066 768; x_wconf 85' lang='lat' dir='ltr'>Caesaris</span> <span class='ocrx_word' id='word_1_80' title='bbox 1084 730 1196 779; x_wconf 89' lang='lat' dir='ltr'>longe</span> 
     </span>
     <span class='ocr_line' id='line_1_13' title="bbox 98 783 1196 821; baseline -0.002 0"><span class='ocrx_word' id='word_1_81' title='bbox 98 784 210 820; x_wconf 82' lang='lat' dir='ltr'>aliam</span> <span class='ocrx_word' id='word_1_82' title='bbox 230 784 338 821; x_wconf 90' lang='lat' dir='ltr'>video</span> <span class='ocrx_word' id='word_1_83' title='bbox 362 784 476 821; x_wconf 83' lang='lat' dir='ltr'>fuisse</span> <span class='ocrx_word' id='word_1_84' title='bbox 502 783 708 821; x_wconf 89' lang='lat' dir='ltr'>rationem:</span> <span class='ocrx_word' id='word_1_85' title='bbox 737 795 815 821; x_wconf 90' lang='lat' dir='ltr'>non</span> <span class='ocrx_word' id='word_1_86' title='bbox 845 783 946 820; x_wconf 88' lang='lat' dir='ltr'>enim</span> <span class='ocrx_word' id='word_1_87' title='bbox 970 783 1042 820; x_wconf 83' lang='lat' dir='ltr'>sibi</span> <span class='ocrx_word' id='word_1_88' title='bbox 1073 783 1196 821; x_wconf 84' lang='lat' dir='ltr'>solum</span> 
     </span>
     <span class='ocr_line' id='line_1_14' title="bbox 98 836 1196 887; baseline -0.001 -13"><span class='ocrx_word' id='word_1_89' title='bbox 98 849 186 874; x_wconf 88' lang='lat' dir='ltr'>cum</span> <span class='ocrx_word' id='word_1_90' title='bbox 204 837 263 882; x_wconf 90' lang='grc'>113,</span> <span class='ocrx_word' id='word_1_91' title='bbox 283 849 378 887; x_wconf 89' lang='grc'>(11103</span> <span class='ocrx_word' id='word_1_92' title='bbox 400 837 482 885; x_wconf 88' lang='lat' dir='ltr'>jam</span> <span class='ocrx_word' id='word_1_93' title='bbox 510 843 670 873; x_wconf 88' lang='lat' dir='ltr'>armatos</span> <span class='ocrx_word' id='word_1_94' title='bbox 697 844 824 873; x_wconf 86' lang='lat' dir='ltr'>contra</span> <span class='ocrx_word' id='word_1_95' title='bbox 847 836 1034 887; x_wconf 82' lang='lat' dir='ltr'>populum</span> <span class='ocrx_word' id='word_1_96' title='bbox 1053 837 1196 873; x_wconf 85' lang='lat' dir='ltr'>Roma-</span> 
     </span>
     <span class='ocr_line' id='line_1_15' title="bbox 96 888 1200 936; baseline 0 -10"><span class='ocrx_word' id='word_1_97' title='bbox 96 902 192 926; x_wconf 87' lang='lat' dir='ltr'>num</span> <span class='ocrx_word' id='word_1_98' title='bbox 218 889 381 936; x_wconf 84' lang='lat' dir='ltr'>videbat,</span> <span class='ocrx_word' id='word_1_99' title='bbox 405 889 623 927; x_wconf 87' lang='lat' dir='ltr'>bellandum</span> <span class='ocrx_word' id='word_1_100' title='bbox 643 901 720 926; x_wconf 87' lang='lat' dir='ltr'>esse</span> <span class='ocrx_word' id='word_1_101' title='bbox 741 888 864 935; x_wconf 85' lang='lat' dir='ltr'>duxit,</span> <span class='ocrx_word' id='word_1_102' title='bbox 885 889 949 927; x_wconf 91' lang='lat' dir='ltr'>sed</span> <span class='ocrx_word' id='word_1_103' title='bbox 966 896 1084 926; x_wconf 87' lang='lat' dir='ltr'>totam</span> <span class='ocrx_word' id='word_1_104' title='bbox 1104 889 1200 926; x_wconf 85' lang='lat' dir='ltr'>Gal-</span> 
     </span>
     <span class='ocr_line' id='line_1_16' title="bbox 97 941 1197 1001; baseline 0 -22"><span class='ocrx_word' id='word_1_105' title='bbox 97 942 217 979; x_wconf 89' lang='lat' dir='ltr'>liam</span> <span class='ocrx_word' id='word_1_106' title='bbox 206 955 246 980; x_wconf 87' lang='lat' dir='ltr'>m</span> <span class='ocrx_word' id='word_1_107' title='bbox 275 950 441 980; x_wconf 88' lang='lat' dir='ltr'>nostram</span> <span class='ocrx_word' id='word_1_108' title='bbox 465 941 645 979; x_wconf 86' lang='lat' dir='ltr'>ditionem</span> <span class='ocrx_word' id='word_1_109' title='bbox 664 953 741 978; x_wconf 82' lang='lat' dir='ltr'>esse</span> <span class='ocrx_word' id='word_1_110' title='bbox 758 941 1012 1001; x_wconf 86' lang='lat' dir='ltr'>redigendam.</span> <span class='ocrx_word' id='word_1_111' title='bbox 1059 942 1197 993; x_wconf 88' lang='lat' dir='ltr'>Itaque</span> 
     </span>
     <span class='ocr_line' id='line_1_17' title="bbox 94 994 1195 1041; baseline -0.001 -8"><span class='ocrx_word' id='word_1_112' title='bbox 94 1008 183 1033; x_wconf 86' lang='lat' dir='ltr'>cum</span> <span class='ocrx_word' id='word_1_113' title='bbox 202 995 391 1033; x_wconf 85' lang='lat' dir='ltr'>acerrimis</span> <span class='ocrx_word' id='word_1_114' title='bbox 417 994 630 1032; x_wconf 89' lang='lat' dir='ltr'>nationibus</span> <span class='ocrx_word' id='word_1_115' title='bbox 648 1001 685 1031; x_wconf 89' lang='lat' dir='ltr'>et</span> <span class='ocrx_word' id='word_1_116' title='bbox 700 994 892 1041; x_wconf 79' lang='lat' dir='ltr'>maximis,</span> <span class='ocrx_word' id='word_1_117' title='bbox 917 994 1195 1032; x_wconf 87' lang='lat' dir='ltr'>Germanorum</span> 
     </span>
     <span class='ocr_line' id='line_1_18' title="bbox 91 1046 1195 1098; baseline 0 -13"><span class='ocrx_word' id='word_1_118' title='bbox 91 1056 132 1085; x_wconf 85' lang='lat' dir='ltr'>et</span> <span class='ocrx_word' id='word_1_119' title='bbox 151 1048 428 1093; x_wconf 90' lang='lat' dir='ltr'>Helvetiorum,</span> <span class='ocrx_word' id='word_1_120' title='bbox 447 1047 586 1098; x_wconf 87' lang='lat' dir='ltr'>proeliis</span> <span class='ocrx_word' id='word_1_121' title='bbox 603 1046 815 1084; x_wconf 88' lang='lat' dir='ltr'>felicissime</span> <span class='ocrx_word' id='word_1_122' title='bbox 833 1047 1058 1092; x_wconf 82' lang='lat' dir='ltr'>decertavit;</span> <span class='ocrx_word' id='word_1_123' title='bbox 1087 1056 1195 1085; x_wconf 86' lang='lat' dir='ltr'>caete-</span> 
     </span>
     <span class='ocr_line' id='line_1_19' title="bbox 95 1097 1195 1160; baseline 0 -22"><span class='ocrx_word' id='word_1_124' title='bbox 95 1114 154 1138; x_wconf 88' lang='lat' dir='ltr'>ras</span> <span class='ocrx_word' id='word_1_125' title='bbox 190 1101 375 1148; x_wconf 84' lang='lat' dir='ltr'>contrivit,</span> <span class='ocrx_word' id='word_1_126' title='bbox 408 1100 568 1144; x_wconf 84' lang='lat' dir='ltr'>domuit,</span> <span class='ocrx_word' id='word_1_127' title='bbox 607 1097 844 1150; x_wconf 86' lang='lat' dir='ltr'>[compulit,]</span> <span class='ocrx_word' id='word_1_128' title='bbox 874 1100 1032 1160; x_wconf 80' lang='lat' dir='ltr'>imperio</span> <span class='ocrx_word' id='word_1_129' title='bbox 1062 1101 1195 1151; x_wconf 89' lang='lat' dir='ltr'>populi</span> 
     </span>
     <span class='ocr_line' id='line_1_20' title="bbox 96 1152 1193 1205; baseline 0 -14"><span class='ocrx_word' id='word_1_130' title='bbox 96 1154 262 1192; x_wconf 87' lang='lat' dir='ltr'>Romani</span> <span class='ocrx_word' id='word_1_131' title='bbox 288 1166 417 1205; x_wconf 87' lang='lat' dir='ltr'>parere</span> <span class='ocrx_word' id='word_1_132' title='bbox 443 1152 661 1197; x_wconf 88' lang='lat' dir='ltr'>assuefecit,</span> <span class='ocrx_word' id='word_1_133' title='bbox 691 1160 740 1196; x_wconf 74' lang='lat' dir='ltr'>et,</span> <span class='ocrx_word' id='word_1_134' title='bbox 769 1165 863 1202; x_wconf 87' lang='lat' dir='ltr'>quas</span> <span class='ocrx_word' id='word_1_135' title='bbox 880 1153 1062 1202; x_wconf 87' lang='lat' dir='ltr'>regiones,</span> <span class='ocrx_word' id='word_1_136' title='bbox 1082 1166 1193 1204; x_wconf 84' lang='lat' dir='ltr'>quas·</span> 
     </span>
     <span class='ocr_line' id='line_1_21' title="bbox 94 1204 1196 1257; baseline 0 -13"><span class='ocrx_word' id='word_1_137' title='bbox 94 1220 168 1257; x_wconf 91' lang='lat' dir='ltr'>que</span> <span class='ocrx_word' id='word_1_138' title='bbox 178 1215 321 1257; x_wconf 79' lang='lat' dir='ltr'>gentes,</span> <span class='ocrx_word' id='word_1_139' title='bbox 341 1207 457 1244; x_wconf 90' lang='lat' dir='ltr'>nullae</span> <span class='ocrx_word' id='word_1_140' title='bbox 474 1206 581 1244; x_wconf 89' lang='lat' dir='ltr'>nobis</span> <span class='ocrx_word' id='word_1_141' title='bbox 599 1213 708 1242; x_wconf 84' lang='lat' dir='ltr'>antea</span> <span class='ocrx_word' id='word_1_142' title='bbox 724 1204 854 1252; x_wconf 87' lang='lat' dir='ltr'>literae,</span> <span class='ocrx_word' id='word_1_143' title='bbox 866 1206 973 1242; x_wconf 91' lang='lat' dir='ltr'>nulla</span> <span class='ocrx_word' id='word_1_144' title='bbox 987 1219 1074 1254; x_wconf 84' lang='lat' dir='ltr'>vox,</span> <span class='ocrx_word' id='word_1_145' title='bbox 1090 1207 1196 1244; x_wconf 87' lang='lat' dir='ltr'>nulla</span> 
     </span>
     <span class='ocr_line' id='line_1_22' title="bbox 93 1258 1196 1309; baseline 0.001 -13"><span class='ocrx_word' id='word_1_146' title='bbox 93 1260 210 1306; x_wconf 88' lang='lat' dir='ltr'>fama,</span> <span class='ocrx_word' id='word_1_147' title='bbox 236 1267 343 1298; x_wconf 81' lang='lat' dir='ltr'>notas</span> <span class='ocrx_word' id='word_1_148' title='bbox 361 1259 510 1305; x_wconf 81' lang='lat' dir='ltr'>fecerat,</span> <span class='ocrx_word' id='word_1_149' title='bbox 529 1259 598 1296; x_wconf 85' lang='lat' dir='ltr'>has</span> <span class='ocrx_word' id='word_1_150' title='bbox 621 1264 744 1295; x_wconf 86' lang='lat' dir='ltr'>noster</span> <span class='ocrx_word' id='word_1_151' title='bbox 761 1258 976 1308; x_wconf 88' lang='lat' dir='ltr'>imperator,</span> <span class='ocrx_word' id='word_1_152' title='bbox 997 1266 1196 1309; x_wconf 87' lang='lat' dir='ltr'>nosterque</span> 
     </span>
     <span class='ocr_line' id='line_1_23' title="bbox 90 1310 1195 1363; baseline 0 -13"><span class='ocrx_word' id='word_1_153' title='bbox 90 1313 288 1357; x_wconf 85' lang='lat' dir='ltr'>exercitus,</span> <span class='ocrx_word' id='word_1_154' title='bbox 309 1320 345 1350; x_wconf 88' lang='lat' dir='ltr'>et</span> <span class='ocrx_word' id='word_1_155' title='bbox 363 1312 495 1363; x_wconf 91' lang='lat' dir='ltr'>populi</span> <span class='ocrx_word' id='word_1_156' title='bbox 513 1310 679 1349; x_wconf 88' lang='lat' dir='ltr'>Romani</span> <span class='ocrx_word' id='word_1_157' title='bbox 692 1323 810 1358; x_wconf 88' lang='lat' dir='ltr'>arma,</span> <span class='ocrx_word' id='word_1_158' title='bbox 824 1312 1082 1362; x_wconf 80' lang='lat' dir='ltr'>peragrarunt.</span> <span class='ocrx_word' id='word_1_159' title='bbox 1127 1314 1195 1351; x_wconf 59' lang='grc'>88·</span> 
     </span>
     <span class='ocr_line' id='line_1_24' title="bbox 92 1364 1194 1414; baseline 0 -12"><span class='ocrx_word' id='word_1_160' title='bbox 92 1366 226 1403; x_wconf 89' lang='lat' dir='ltr'>mitam</span> <span class='ocrx_word' id='word_1_161' title='bbox 245 1372 395 1403; x_wconf 88' lang='lat' dir='ltr'>tantum</span> <span class='ocrx_word' id='word_1_162' title='bbox 423 1364 560 1401; x_wconf 86' lang='lat' dir='ltr'>Galliae</span> <span class='ocrx_word' id='word_1_163' title='bbox 576 1365 796 1401; x_wconf 87' lang='lat' dir='ltr'>tenebamus</span> <span class='ocrx_word' id='word_1_164' title='bbox 822 1371 944 1410; x_wconf 88' lang='lat' dir='ltr'>antea,</span> <span class='ocrx_word' id='word_1_165' title='bbox 964 1372 1087 1414; x_wconf 89' lang='lat' dir='ltr'>patres</span> <span class='ocrx_word' id='word_1_166' title='bbox 1105 1377 1194 1403; x_wconf 91' lang='lat' dir='ltr'>con-</span> 
     </span>
     <span class='ocr_line' id='line_1_25' title="bbox 93 1416 1192 1469; baseline 0 -13"><span class='ocrx_word' id='word_1_167' title='bbox 93 1418 244 1469; x_wconf 79' lang='lat' dir='ltr'>scripti:</span> <span class='ocrx_word' id='word_1_168' title='bbox 275 1425 415 1456; x_wconf 86' lang='lat' dir='ltr'>caeterae</span> <span class='ocrx_word' id='word_1_169' title='bbox 442 1424 565 1468; x_wconf 66' lang='lat' dir='ltr'>partae</span> <span class='ocrx_word' id='word_1_170' title='bbox 583 1429 606 1454; x_wconf 86' lang='lat' dir='ltr'>a</span> <span class='ocrx_word' id='word_1_171' title='bbox 622 1416 797 1467; x_wconf 89' lang='lat' dir='ltr'>gentibus</span> <span class='ocrx_word' id='word_1_172' title='bbox 821 1424 887 1454; x_wconf 83' lang='lat' dir='ltr'>aut</span> <span class='ocrx_word' id='word_1_173' title='bbox 917 1417 1079 1456; x_wconf 89' lang='lat' dir='ltr'>inimicis</span> <span class='ocrx_word' id='word_1_174' title='bbox 1103 1418 1192 1456; x_wconf 90' lang='lat' dir='ltr'>huic</span> 
     </span>
     <span class='ocr_line' id='line_1_26' title="bbox 94 1469 1193 1521; baseline 0.002 -14"><span class='ocrx_word' id='word_1_175' title='bbox 94 1471 266 1521; x_wconf 81' lang='lat' dir='ltr'>imperio,</span> <span class='ocrx_word' id='word_1_176' title='bbox 286 1480 352 1508; x_wconf 90' lang='lat' dir='ltr'>aut</span> <span class='ocrx_word' id='word_1_177' title='bbox 370 1470 508 1516; x_wconf 86' lang='lat' dir='ltr'>infidis,</span> <span class='ocrx_word' id='word_1_178' title='bbox 529 1477 594 1507; x_wconf 87' lang='lat' dir='ltr'>aut</span> <span class='ocrx_word' id='word_1_179' title='bbox 610 1469 820 1519; x_wconf 83' lang='lat' dir='ltr'>incognitis,</span> <span class='ocrx_word' id='word_1_180' title='bbox 840 1477 907 1507; x_wconf 84' lang='lat' dir='ltr'>aut</span> <span class='ocrx_word' id='word_1_181' title='bbox 933 1477 1030 1508; x_wconf 88' lang='lat' dir='ltr'>certe</span> <span class='ocrx_word' id='word_1_182' title='bbox 1055 1470 1193 1509; x_wconf 88' lang='lat' dir='ltr'>imma--</span> 
     </span>
     <span class='ocr_line' id='line_1_27' title="bbox 91 1522 1194 1582; baseline 0 -21"><span class='ocrx_word' id='word_1_183' title='bbox 91 1524 218 1571; x_wconf 89' lang='lat' dir='ltr'>nibus,</span> <span class='ocrx_word' id='word_1_184' title='bbox 238 1532 276 1561; x_wconf 88' lang='lat' dir='ltr'>et</span> <span class='ocrx_word' id='word_1_185' title='bbox 288 1524 469 1570; x_wconf 82' lang='lat' dir='ltr'>barbaris,</span> <span class='ocrx_word' id='word_1_186' title='bbox 485 1530 522 1560; x_wconf 93' lang='lat' dir='ltr'>et</span> <span class='ocrx_word' id='word_1_187' title='bbox 532 1522 726 1582; x_wconf 73' lang='lat' dir='ltr'>bellicosis,</span> <span class='ocrx_word' id='word_1_188' title='bbox 747 1524 992 1568; x_wconf 83' lang='lat' dir='ltr'>tenebantur,</span> <span class='ocrx_word' id='word_1_189' title='bbox 982 1537 992 1547; x_wconf 89' lang='lat'><strong>·</strong></span> <span class='ocrx_word' id='word_1_190' title='bbox 1013 1536 1108 1574; x_wconf 85' lang='lat' dir='ltr'>quas</span> <span class='ocrx_word' id='word_1_191' title='bbox 1126 1536 1194 1561; x_wconf 84' lang='lat' dir='ltr'>na-</span> 
     </span>
     <span class='ocr_line' id='line_1_28' title="bbox 92 1552 1192 1641; baseline 0 -26"><span class='ocrx_word' id='word_1_192' title='bbox 92 1577 224 1624; x_wconf 65' lang='lat' dir='ltr'>tiones,</span> <span class='ocrx_word' id='word_1_193' title='bbox 239 1589 352 1614; x_wconf 90' lang='lat' dir='ltr'>nemo</span> <span class='ocrx_word' id='word_1_194' title='bbox 370 1588 540 1626; x_wconf 88' lang='lat' dir='ltr'>unquam</span> <span class='ocrx_word' id='word_1_195' title='bbox 554 1575 640 1622; x_wconf 87' lang='lat' dir='ltr'>fuit,</span> <span class='ocrx_word' id='word_1_196' title='bbox 655 1575 721 1626; x_wconf 92' lang='lat' dir='ltr'>qui</span> <span class='ocrx_word' id='word_1_197' title='bbox 738 1587 814 1612; x_wconf 89' lang='lat' dir='ltr'>non</span> <span class='ocrx_word' id='word_1_198' title='bbox 831 1575 955 1626; x_wconf 86' lang='lat' dir='ltr'>frangi</span> <span class='ocrx_word' id='word_1_199' title='bbox 972 1552 1192 1641; x_wconf 89' lang='lat' dir='ltr'>domarique</span> 
     </span>
     <span class='ocr_line' id='line_1_29' title="bbox 94 1628 1192 1690; baseline 0 -22"><span class='ocrx_word' id='word_1_200' title='bbox 94 1637 268 1690; x_wconf 77' lang='lat' dir='ltr'>cuperet.</span> <span class='ocrx_word' id='word_1_201' title='bbox 298 1641 409 1667; x_wconf 89' lang='lat' dir='ltr'>nemo</span> <span class='ocrx_word' id='word_1_202' title='bbox 427 1628 611 1689; x_wconf 81' lang='lat' dir='ltr'>sapienter</span> <span class='ocrx_word' id='word_1_203' title='bbox 627 1628 674 1665; x_wconf 90' lang='lat' dir='ltr'>de</span> <span class='ocrx_word' id='word_1_204' title='bbox 691 1628 883 1688; x_wconf 88' lang='lat' dir='ltr'>republica</span> <span class='ocrx_word' id='word_1_205' title='bbox 900 1629 1027 1669; x_wconf 88' lang='lat' dir='ltr'>nostra</span> <span class='ocrx_word' id='word_1_206' title='bbox 1052 1630 1192 1679; x_wconf 49' lang='lat' dir='ltr'>cogita»</span> 
     </span>
     <span class='ocr_line' id='line_1_30' title="bbox 92 1680 1192 1732; baseline 0 -12"><span class='ocrx_word' id='word_1_207' title='bbox 92 1683 146 1720; x_wconf 79' lang='lat' dir='ltr'>vit</span> <span class='ocrx_word' id='word_1_208' title='bbox 161 1684 243 1731; x_wconf 87' lang='lat' dir='ltr'>jam</span> <span class='ocrx_word' id='word_1_209' title='bbox 261 1682 348 1719; x_wconf 91' lang='lat' dir='ltr'>inde</span> <span class='ocrx_word' id='word_1_210' title='bbox 366 1695 389 1719; x_wconf 92' lang='lat' dir='ltr'>a</span> <span class='ocrx_word' id='word_1_211' title='bbox 406 1680 589 1732; x_wconf 88' lang='lat' dir='ltr'>principio</span> <span class='ocrx_word' id='word_1_212' title='bbox 605 1680 747 1729; x_wconf 89' lang='lat' dir='ltr'>hujus</span> <span class='ocrx_word' id='word_1_213' title='bbox 737 1681 899 1732; x_wconf 76' lang='lat' dir='ltr'>imperii,</span> <span class='ocrx_word' id='word_1_214' title='bbox 919 1682 1012 1732; x_wconf 90' lang='lat' dir='ltr'>quin</span> <span class='ocrx_word' id='word_1_215' title='bbox 1025 1681 1192 1720; x_wconf 85' lang='lat' dir='ltr'>Galliam</span> 
     </span>
     <span class='ocr_line' id='line_1_31' title="bbox 92 1734 1195 1785; baseline 0 -13"><span class='ocrx_word' id='word_1_216' title='bbox 92 1735 260 1773; x_wconf 83' lang='lat' dir='ltr'>maxime</span> <span class='ocrx_word' id='word_1_217' title='bbox 277 1734 485 1772; x_wconf 86' lang='lat' dir='ltr'>timendam</span> <span class='ocrx_word' id='word_1_218' title='bbox 503 1734 619 1772; x_wconf 93' lang='lat' dir='ltr'>huic</span> <span class='ocrx_word' id='word_1_219' title='bbox 609 1734 765 1785; x_wconf 76' lang='lat' dir='ltr'>imperio</span> <span class='ocrx_word' id='word_1_220' title='bbox 783 1741 954 1785; x_wconf 89' lang='lat' dir='ltr'>putaret·</span> <span class='ocrx_word' id='word_1_221' title='bbox 985 1734 1062 1781; x_wconf 87' lang='lat' dir='ltr'>sed,</span> <span class='ocrx_word' id='word_1_222' title='bbox 1082 1748 1195 1785; x_wconf 89' lang='lat' dir='ltr'>prop-</span> 
     </span>
     <span class='ocr_line' id='line_1_32' title="bbox 94 1786 1192 1838; baseline 0.002 -14"><span class='ocrx_word' id='word_1_223' title='bbox 94 1796 150 1826; x_wconf 90' lang='lat' dir='ltr'>ter</span> <span class='ocrx_word' id='word_1_224' title='bbox 169 1789 246 1826; x_wconf 88' lang='lat' dir='ltr'>vim</span> <span class='ocrx_word' id='word_1_225' title='bbox 265 1801 308 1826; x_wconf 85' lang='lat' dir='ltr'>ac</span> <span class='ocrx_word' id='word_1_226' title='bbox 319 1786 604 1825; x_wconf 87' lang='lat' dir='ltr'>multitudinem</span> <span class='ocrx_word' id='word_1_227' title='bbox 623 1787 794 1837; x_wconf 91' lang='lat' dir='ltr'>gentium</span> <span class='ocrx_word' id='word_1_228' title='bbox 810 1787 978 1834; x_wconf 85' lang='lat' dir='ltr'>illarum,</span> <span class='ocrx_word' id='word_1_229' title='bbox 994 1799 1192 1838; x_wconf 88' lang='lat' dir='ltr'>nunquam</span> 
     </span>
     <span class='ocr_line' id='line_1_33' title="bbox 94 1839 1194 1879; baseline 0 -1"><span class='ocrx_word' id='word_1_230' title='bbox 94 1849 149 1878; x_wconf 85' lang='lat' dir='ltr'>est</span> <span class='ocrx_word' id='word_1_231' title='bbox 166 1849 277 1878; x_wconf 65' lang='lat' dir='ltr'>antea</span> <span class='ocrx_word' id='word_1_232' title='bbox 294 1853 382 1879; x_wconf 89' lang='lat' dir='ltr'>cum</span> <span class='ocrx_word' id='word_1_233' title='bbox 399 1840 575 1878; x_wconf 89' lang='lat' dir='ltr'>omnibus</span> <span class='ocrx_word' id='word_1_234' title='bbox 593 1839 825 1878; x_wconf 86' lang='lat' dir='ltr'>dimicatum.</span> <span class='ocrx_word' id='word_1_235' title='bbox 853 1839 1078 1878; x_wconf 81' lang='lat' dir='ltr'>Restitimus</span> <span class='ocrx_word' id='word_1_236' title='bbox 1096 1853 1194 1878; x_wconf 85' lang='lat' dir='ltr'>sem-</span> 
     </span>
     <span class='ocr_line' id='line_1_34' title="bbox 96 1892 1194 1944; baseline 0.001 -13"><span class='ocrx_word' id='word_1_237' title='bbox 96 1907 162 1944; x_wconf 83' lang='lat' dir='ltr'>per</span> <span class='ocrx_word' id='word_1_238' title='bbox 178 1894 360 1932; x_wconf 84' lang='lat' dir='ltr'>lacessiti.</span> <span class='ocrx_word' id='word_1_239' title='bbox 381 1905 482 1931; x_wconf 91' lang='lat' dir='ltr'>nunc</span> <span class='ocrx_word' id='word_1_240' title='bbox 500 1892 662 1944; x_wconf 89' lang='lat' dir='ltr'>denique</span> <span class='ocrx_word' id='word_1_241' title='bbox 678 1899 734 1931; x_wconf 58' lang='lat' dir='ltr'>est</span> <span class='ocrx_word' id='word_1_242' title='bbox 746 1892 970 1944; x_wconf 88' lang='lat' dir='ltr'>perfectum,</span> <span class='ocrx_word' id='word_1_243' title='bbox 985 1900 1029 1930; x_wconf 91' lang='lat' dir='ltr'>ut</span> <span class='ocrx_word' id='word_1_244' title='bbox 1045 1893 1194 1944; x_wconf 89' lang='lat' dir='ltr'>imperii</span> 
     </span>
     <span class='ocr_line' id='line_1_35' title="bbox 95 1945 1149 1997; baseline 0 -13"><span class='ocrx_word' id='word_1_245' title='bbox 95 1947 225 1993; x_wconf 89' lang='lat' dir='ltr'>nostri,</span> <span class='ocrx_word' id='word_1_246' title='bbox 244 1955 502 1997; x_wconf 85' lang='lat' dir='ltr'>terrarumque</span> <span class='ocrx_word' id='word_1_247' title='bbox 519 1945 686 1994; x_wconf 84' lang='lat' dir='ltr'>illarum,</span> <span class='ocrx_word' id='word_1_248' title='bbox 699 1945 803 1983; x_wconf 91' lang='lat' dir='ltr'>idem</span> <span class='ocrx_word' id='word_1_249' title='bbox 817 1952 911 1984; x_wconf 86' lang='lat' dir='ltr'>esset</span> <span class='ocrx_word' id='word_1_250' title='bbox 924 1952 1149 1984; x_wconf 87' lang='lat' dir='ltr'>extremum.</span> 
     </span>
     <span class='ocr_line' id='line_1_36' title="bbox 147 1998 1191 2050; baseline 0.001 -13"><span class='ocrx_word' id='word_1_251' title='bbox 147 1999 263 2037; x_wconf 85' lang='lat' dir='ltr'>XIV.</span> <span class='ocrx_word' id='word_1_252' title='bbox 291 2000 459 2050; x_wconf 89' lang='lat' dir='ltr'>Alpibus</span> <span class='ocrx_word' id='word_1_253' title='bbox 470 1998 623 2036; x_wconf 81' lang='lat' dir='ltr'>Italiam</span> <span class='ocrx_word' id='word_1_254' title='bbox 639 1999 829 2036; x_wconf 85' lang='lat' dir='ltr'>munierat</span> <span class='ocrx_word' id='word_1_255' title='bbox 846 2005 933 2036; x_wconf 86' lang='lat' dir='ltr'>ante</span> <span class='ocrx_word' id='word_1_256' title='bbox 951 2006 1099 2045; x_wconf 83' lang='lat' dir='ltr'>natura,</span> <span class='ocrx_word' id='word_1_257' title='bbox 1115 2011 1191 2039; x_wconf 90' lang='lat' dir='ltr'>non</span> 
     </span>
     <span class='ocr_line' id='line_1_37' title="bbox 94 2051 1194 2112; baseline -0.003 -22"><span class='ocrx_word' id='word_1_258' title='bbox 94 2053 174 2090; x_wconf 87' lang='grc'>31118</span> <span class='ocrx_word' id='word_1_259' title='bbox 191 2052 318 2112; x_wconf 78' lang='lat' dir='ltr'>aliquo</span> <span class='ocrx_word' id='word_1_260' title='bbox 336 2052 462 2090; x_wconf 89' lang='lat' dir='ltr'>divino</span> <span class='ocrx_word' id='word_1_261' title='bbox 480 2052 647 2090; x_wconf 88' lang='lat' dir='ltr'>numine.</span> <span class='ocrx_word' id='word_1_262' title='bbox 677 2052 796 2099; x_wconf 84' lang='lat' dir='ltr'>Nam,</span> <span class='ocrx_word' id='word_1_263' title='bbox 822 2052 852 2089; x_wconf 90' lang='lat' dir='ltr'>si</span> <span class='ocrx_word' id='word_1_264' title='bbox 876 2051 941 2088; x_wconf 87' lang='grc'>1118</span> <span class='ocrx_word' id='word_1_265' title='bbox 958 2051 1081 2090; x_wconf 87' lang='lat' dir='ltr'>aditus</span> <span class='ocrx_word' id='word_1_266' title='bbox 1098 2051 1194 2093; x_wconf 82' lang='lat' dir='ltr'>Gal.</span> 
     </span>
     <span class='ocr_line' id='line_1_38' title="bbox 91 2104 1193 2165; baseline 0 -23"><span class='ocrx_word' id='word_1_267' title='bbox 91 2105 217 2142; x_wconf 87' lang='lat' dir='ltr'>lorum</span> <span class='ocrx_word' id='word_1_268' title='bbox 227 2105 456 2143; x_wconf 80' lang='lat' dir='ltr'>immanitati</span> <span class='ocrx_word' id='word_1_269' title='bbox 465 2104 778 2165; x_wconf 70' lang='lat' dir='ltr'>multitudinique</span> <span class='ocrx_word' id='word_1_270' title='bbox 791 2104 983 2155; x_wconf 82' lang='lat' dir='ltr'>patuisset,</span> <span class='ocrx_word' id='word_1_271' title='bbox 997 2116 1193 2156; x_wconf 81' lang='lat' dir='ltr'>nunquam</span> 
     </span>
     <span class='ocr_line' id='line_1_39' title="bbox 98 2157 1198 2214; baseline 0.002 -17"><span class='ocrx_word' id='word_1_272' title='bbox 98 2158 178 2198; x_wconf 80' lang='lat' dir='ltr'>haec</span> <span class='ocrx_word' id='word_1_273' title='bbox 190 2160 279 2198; x_wconf 87' lang='lat' dir='ltr'>urbs</span> <span class='ocrx_word' id='word_1_274' title='bbox 297 2171 446 2198; x_wconf 85' lang='lat' dir='ltr'>summo</span> <span class='ocrx_word' id='word_1_275' title='bbox 465 2157 622 2210; x_wconf 84' lang='lat' dir='ltr'>imperio</span> <span class='ocrx_word' id='word_1_276' title='bbox 641 2157 873 2200; x_wconf 80' lang='lat' dir='ltr'>domicilium</span> <span class='ocrx_word' id='word_1_277' title='bbox 892 2170 934 2197; x_wconf 75' lang='lat' dir='ltr'>ac</span> <span class='ocrx_word' id='word_1_278' title='bbox 952 2158 1078 2196; x_wconf 82' lang='lat' dir='ltr'>sedem</span> <span class='ocrx_word' id='word_1_279' title='bbox 1103 2174 1198 2214; x_wconf 71' lang='lat' dir='ltr'>prae-</span> 
     </span>
    </p>
   </div>
  </div>
 </body>
</html>
