1455 2343
227 83 305 121 312
485 83 598 122 PRO
628 81 853 122 SEXTIO.
885 82 989 121 CAP.
1019 83 1083 121 56.

219 199 301 229 tute
320 191 553 242 respicientis
571 191 611 228 in
633 204 675 229 eo
695 191 862 238 homine,
888 191 950 229 cui
975 199 1060 229 tum
1079 191 1224 242 petenti
1249 194 1332 242 jam

220 245 439 284 aedilitatem
471 258 519 283 ne
546 245 744 283 histriones
774 243 929 296 quidem
957 257 1083 283 coram
1110 245 1254 284 sedenti
1271 261 1338 298 pe-

218 301 455 349 percerunt?
488 299 608 346 Nam,
637 312 727 337 cum
761 306 934 350 ageretur
964 299 1116 349 Togata
1142 300 1338 342 (“Simu-

216 353 344 401 lans,''
365 360 409 390 ut
428 353 578 404 opinor)
596 361 743 390 caterva
757 359 837 390 tota
851 352 1059 390 clarissima
1075 353 1333 402 concentione,

216 406 256 443 in
287 421 349 446 ore
378 407 523 458 impuri
555 407 721 444 hominis
753 406 973 453 imminens,
1007 406 1226 444 concionata
1262 416 1332 455 est,

217 462 246 482 ‘⁶
264 461 371 499 Huic
382 461 470 499 vitae
482 461 586 498 tuae’'
655 468 705 507 et,
722 462 749 482 ‘⁶
765 460 1065 511 Post-principia
1079 468 1193 511 atque
1208 461 1334 500 exitus

218 514 364 553 vitiosae
382 515 497 553 vitae
488 514 529 537 '''
559 514 722 553 Sedebat
737 514 1000 551 exanimatus:
1032 520 1069 551 et
1080 513 1125 559 is,
1142 514 1208 565 qui
1224 523 1335 554 antea

218 575 417 606 cantorum
448 568 615 619 convicio
645 567 842 605 conciones
865 568 1050 605 celebrare
1069 580 1154 605 suas
1177 569 1335 630 solebat,

219 630 419 660 cantorum
438 621 609 673 ipsorum
628 621 784 659 vocibus
803 621 1032 670 ejiciebatur.
1062 621 1131 667 Et,
1152 622 1334 672 quoniam

217 675 316 713 facta
334 676 479 714 mentio
497 683 552 713 est
579 674 775 723 ludorum,
795 687 844 712 ne
868 674 967 712 fflud
997 674 1154 725 quidem
1180 684 1335 725 praeter-

218 729 385 776 mittam,
407 730 447 766 in
466 742 609 780 magna
628 729 807 767 varietate
826 727 1113 773 sententiarum,
1131 741 1333 793 nunquam

219 783 345 820 ullum
364 783 481 821 fuisse
498 783 672 831 locum,
661 795 702 820 ln
722 795 798 834 quo
818 782 977 833 aliquid,
998 795 1022 819 a
1039 781 1153 832 poeta
1171 782 1332 831 dictum,

216 837 375 875 cadere
366 849 405 874 ιιι
425 844 577 888 tempus
596 844 770 875 nostrum
785 836 988 882 videretur,
1009 835 1112 886 quod
1127 843 1193 873 aut
1211 850 1335 888 popu-

216 890 301 928 lum
330 891 550 929 universum
583 890 746 941 fugeret,
777 898 844 927 aut
873 902 950 927 non
988 889 1217 939 exprimeret
1253 890 1334 942 ipse

217 952 332 982 actor.
361 945 430 993 Et,
451 957 593 996 quaeso,
614 945 687 981 hoc
704 945 800 990 loco,
817 943 978 992 judices,
997 954 1046 980 ne
1065 956 1142 994 qua
1160 955 1223 981 me
1239 944 1333 983 levi-

214 1005 291 1036 tate
310 999 470 1037 ductum
489 999 539 1036 ad
556 997 753 1035 insolitum
772 1009 892 1047 genus
911 995 1061 1034 dicendi
1079 997 1158 1035 labi
1176 999 1331 1047 putetis,

214 1052 247 1089 si
265 1052 312 1090 de
330 1052 467 1104 poe'tis,
488 1052 535 1090 de
552 1051 812 1099 histrionibus,
834 1050 881 1087 de
898 1049 1045 1098 ludis,
1034 1062 1075 1087 m
1102 1051 1246 1100 judicio
1275 1052 1332 1090 lo-

217 1119 324 1156 quar.

270 1160 384 1198 LVI.
414 1160 507 1198 Non
528 1172 614 1197 sum
633 1166 713 1197 tam
732 1159 902 1209 ignaruS,
931 1157 1092 1208 judices,
1112 1171 1327 1211 causarum,

213 1226 291 1251 non
310 1221 390 1251 tam
405 1213 569 1252 insolens
587 1214 627 1250 in
646 1213 818 1259 dicendo,
840 1220 884 1249 ut
902 1211 1007 1250 omni
1027 1225 1074 1250 ex
1093 1225 1229 1262 genere
1246 1226 1330 1260 ora-

213 1267 358 1305 tionem
377 1281 556 1318 aucuper,
577 1274 614 1305 et
632 1279 763 1305 omnes
781 1266 953 1317 undique
982 1265 1156 1304 flosculos
1175 1280 1327 1318 carpam

213 1328 328 1372 atque
347 1321 524 1359 delibem.
555 1320 654 1367 Scio,
675 1320 769 1371 quid
792 1321 957 1370 gravitas
979 1327 1115 1365 vestra,
1135 1321 1230 1371 quid
1248 1322 1329 1360 haec

213 1374 421 1421 advocatio,
442 1375 536 1425 quid
554 1374 619 1412 ille
637 1380 856 1421 conventus,
877 1372 972 1424 quid
990 1373 1155 1423 dignitas
1174 1374 1220 1412 P.
1235 1375 1328 1413 Sex-

213 1428 271 1475 tii,
292 1428 386 1480 quid
411 1428 570 1479 periculi
587 1427 827 1478 magnitudo,
848 1426 944 1477 quid
961 1434 1065 1475 aetas,
1095 1427 1190 1478 quid
1207 1428 1327 1467 honos

212 1495 335 1529 meus,
357 1483 535 1533 postulet.
566 1481 642 1519 Sed
659 1481 756 1518 mihi
776 1481 894 1518 sumsi
923 1480 995 1518 hoc
1012 1480 1094 1518 loco
1113 1481 1324 1522 doctrinam

215 1535 425 1586 quamdam
441 1535 648 1584 juventuti,
662 1534 730 1585 qui
745 1542 868 1572 essent
886 1534 1113 1585 optimates.
1144 1535 1183 1571 in
1196 1549 1241 1573 ea
1259 1550 1325 1574 ex-

216 1589 395 1640 plicanda
427 1588 766 1627 demonstrandum
800 1595 868 1634 est,
905 1600 983 1625 non
1014 1600 1093 1626 esse
1124 1590 1327 1640 populares

221 1655 357 1681 omnes
380 1655 442 1681 eos
462 1643 529 1694 qui
556 1650 752 1694 putentur.
777 1641 827 1679 Id
853 1641 1034 1680 facillime
1053 1654 1332 1695 consequar,s¹

218 1697 384 1735 universi
400 1696 534 1748 populi
559 1696 748 1757 judicium
777 1709 911 1734 verum
930 1704 967 1733 et
989 1696 1267 1747 incorruptum,
1288 1706 1325 1736 et

211 1750 243 1788 si
274 1750 429 1789 intimos
462 1763 592 1788 sensus
627 1749 802 1798 civitatis,
844 1762 1073 1800 expressero.
1114 1750 1222 1798 Quid
1250 1751 1325 1790 fuit

212 1804 323 1851 illud,
344 1803 462 1855 quod,
493 1804 632 1842 recenti
657 1803 792 1842 nuntio
811 1803 858 1841 de
883 1804 950 1841 isso
969 1806 1323 1852 senatus-consulto,

213 1858 317 1908 quod
341 1857 486 1896 factum
515 1865 570 1895 est
597 1858 638 1895 in
670 1858 815 1908 templo
840 1857 1018 1904 Virtutis,
1046 1857 1095 1895 ad
1116 1857 1226 1896 ludos
1250 1872 1329 1898 sce--

215 1923 383 1963 namque
400 1912 560 1963 perlato,
581 1924 754 1950 consessu
774 1911 959 1956 maximo,
980 1923 1156 1949 summus
1174 1912 1324 1960 artifex,

214 1972 251 2002 et
278 1966 524 2011 (mehercule)
556 1978 703 2016 semper
735 1965 900 2016 partium
931 1964 971 2002 in
993 1964 1198 2016 republica,
1227 1972 1326 2004 tam-

214 2031 332 2069 quam
350 2019 390 2056 in
411 2020 535 2066 scena,
559 2019 805 2070 optimarum,
826 2019 934 2065 flens,
961 2026 998 2057 et
1022 2018 1161 2057 recenti
1178 2019 1324 2067 laetitia,

215 2079 252 2109 et
270 2072 393 2110 mixto
411 2072 539 2111 dolore
571 2086 614 2110 ac
636 2072 819 2110 desiderio
837 2072 928 2119 mei,
955 2072 1032 2123 egit
1055 2078 1183 2123 aperte
1200 2074 1325 2112 multo

215 2126 449 2175 gravioribus
468 2126 591 2165 verbis
620 2139 746 2164 meam
775 2139 943 2172 causam,
963 2139 1082 2177 quam
1110 2136 1259 2176 egomet
1278 2128 1327 2165 de

214 2192 277 2217 me
295 2193 404 2230 agere
423 2181 629 2231 potuissem
647 2183 664 2219 :³
695 2180 847 2219 Summi
866 2180 976 2222 enim,
987 2183 1110 2230 poe'tae
1127 2179 1326 2231 ingenium
