<?xml version="1.0" encoding="UTF-8"?>
<!DOCTYPE html PUBLIC "-//W3C//DTD XHTML 1.0 Transitional//EN"
    "http://www.w3.org/TR/xhtml1/DTD/xhtml1-transitional.dtd">
<html xmlns="http://www.w3.org/1999/xhtml" xml:lang="en" lang="en">
 <head>
  <title>
</title>
<meta http-equiv="Content-Type" content="text/html;charset=utf-8" />
  <meta name='ocr-system' content='tesseract 3.04.00' />
  <meta name='ocr-capabilities' content='ocr_page ocr_carea ocr_par ocr_line ocrx_word'/>
</head>
<body>
  <div class='ocr_page' id='page_1' title='image "./operaern07ciceuoft_0061.png"; bbox 0 0 1425 2334; ppageno 0'>
   <div class='ocr_carea' id='block_1_1' title="bbox 416 84 1233 128">
    <p class='ocr_par' dir='ltr' id='par_1_1' title="bbox 416 84 1233 128">
     <span class='ocr_line' id='line_1_1' title="bbox 416 84 1233 128; baseline -0.001 -6"><span class='ocrx_word' id='word_1_1' title='bbox 416 84 528 122; x_wconf 85' lang='lat' dir='ltr'>PRO</span> <span class='ocrx_word' id='word_1_2' title='bbox 557 84 753 122; x_wconf 71' lang='lat' dir='ltr'>sULLA.</span> <span class='ocrx_word' id='word_1_3' title='bbox 784 86 889 122; x_wconf 74' lang='lat' dir='ltr'><strong>UAP.</strong></span> <span class='ocrx_word' id='word_1_4' title='bbox 911 86 948 120; x_wconf 75' lang='lat'>4.</span> <span class='ocrx_word' id='word_1_5' title='bbox 1183 85 1233 128; x_wconf 81' lang='grc'>47</span> 
     </span>
    </p>
   </div>
   <div class='ocr_carea' id='block_1_2' title="bbox 127 190 1246 2214">
    <p class='ocr_par' dir='ltr' id='par_1_2' title="bbox 128 190 1240 867">
     <span class='ocr_line' id='line_1_2' title="bbox 132 190 1236 241; baseline 0 -13"><span class='ocrx_word' id='word_1_6' title='bbox 132 197 246 241; x_wconf 75' lang='lat' dir='ltr'>atque</span> <span class='ocrx_word' id='word_1_7' title='bbox 270 202 346 228; x_wconf 76' lang='lat' dir='ltr'>una</span> <span class='ocrx_word' id='word_1_8' title='bbox 370 198 426 228; x_wconf 89' lang='lat' dir='ltr'>est</span> <span class='ocrx_word' id='word_1_9' title='bbox 451 191 639 228; x_wconf 90' lang='lat' dir='ltr'>bonorum</span> <span class='ocrx_word' id='word_1_10' title='bbox 663 190 833 228; x_wconf 83' lang='lat' dir='ltr'>omnium</span> <span class='ocrx_word' id='word_1_11' title='bbox 863 202 985 227; x_wconf 83' lang='lat' dir='ltr'>causa.</span> <span class='ocrx_word' id='word_1_12' title='bbox 1022 191 1134 228; x_wconf 87' lang='lat' dir='ltr'>Nihil</span> <span class='ocrx_word' id='word_1_13' title='bbox 1152 191 1236 238; x_wconf 83' lang='lat' dir='ltr'>erit,</span> 
     </span>
     <span class='ocr_line' id='line_1_3' title="bbox 132 243 1240 294; baseline 0 -13"><span class='ocrx_word' id='word_1_14' title='bbox 132 243 236 294; x_wconf 90' lang='lat' dir='ltr'>quod</span> <span class='ocrx_word' id='word_1_15' title='bbox 254 243 436 281; x_wconf 84' lang='lat' dir='ltr'>admirere</span> <span class='ocrx_word' id='word_1_16' title='bbox 453 244 621 294; x_wconf 81' lang='lat' dir='ltr'>posthac,</span> <span class='ocrx_word' id='word_1_17' title='bbox 642 243 674 281; x_wconf 89' lang='lat' dir='ltr'>si</span> <span class='ocrx_word' id='word_1_18' title='bbox 692 244 731 280; x_wconf 92' lang='lat' dir='ltr'>in</span> <span class='ocrx_word' id='word_1_19' title='bbox 747 244 789 281; x_wconf 60' lang='lat' dir='ltr'>eit</span> <span class='ocrx_word' id='word_1_20' title='bbox 803 251 922 294; x_wconf 86' lang='lat' dir='ltr'>parte,</span> <span class='ocrx_word' id='word_1_21' title='bbox 936 243 975 280; x_wconf 88' lang='lat' dir='ltr'>in</span> <span class='ocrx_word' id='word_1_22' title='bbox 991 244 1067 294; x_wconf 63' lang='lat' dir='ltr'>quii</span> <span class='ocrx_word' id='word_1_23' title='bbox 1079 245 1146 281; x_wconf 89' lang='lat' dir='ltr'>hos</span> <span class='ocrx_word' id='word_1_24' title='bbox 1158 244 1240 281; x_wconf 77' lang='lat' dir='ltr'>ani-</span> 
     </span>
     <span class='ocr_line' id='line_1_4' title="bbox 132 296 1240 347; baseline 0.001 -13"><span class='ocrx_word' id='word_1_25' title='bbox 132 296 390 343; x_wconf 83' lang='lat' dir='ltr'>madverteris,</span> <span class='ocrx_word' id='word_1_26' title='bbox 409 309 472 334; x_wconf 89' lang='lat' dir='ltr'>me</span> <span class='ocrx_word' id='word_1_27' title='bbox 484 297 639 335; x_wconf 88' lang='lat' dir='ltr'>videbis.</span> <span class='ocrx_word' id='word_1_28' title='bbox 669 297 791 334; x_wconf 82' lang='lat' dir='ltr'>Nulla</span> <span class='ocrx_word' id='word_1_29' title='bbox 810 304 864 334; x_wconf 85' lang='lat' dir='ltr'>est</span> <span class='ocrx_word' id='word_1_30' title='bbox 882 297 982 334; x_wconf 81' lang='lat' dir='ltr'>enim</span> <span class='ocrx_word' id='word_1_31' title='bbox 998 298 1036 333; x_wconf 92' lang='lat' dir='ltr'>in</span> <span class='ocrx_word' id='word_1_32' title='bbox 1049 296 1240 347; x_wconf 56' lang='lat' dir='ltr'>republica</span> 
     </span>
     <span class='ocr_line' id='line_1_5' title="bbox 131 350 1239 401; baseline 0.001 -14"><span class='ocrx_word' id='word_1_33' title='bbox 131 362 244 388; x_wconf 85' lang='lat' dir='ltr'>causa</span> <span class='ocrx_word' id='word_1_34' title='bbox 261 363 347 388; x_wconf 85' lang='lat' dir='ltr'>mea</span> <span class='ocrx_word' id='word_1_35' title='bbox 368 350 543 401; x_wconf 83' lang='lat' dir='ltr'>propria:</span> <span class='ocrx_word' id='word_1_36' title='bbox 574 358 725 401; x_wconf 84' lang='lat' dir='ltr'>tempus</span> <span class='ocrx_word' id='word_1_37' title='bbox 747 350 882 400; x_wconf 84' lang='lat' dir='ltr'>agendi</span> <span class='ocrx_word' id='word_1_38' title='bbox 907 350 981 387; x_wconf 86' lang='lat' dir='ltr'>fuit</span> <span class='ocrx_word' id='word_1_39' title='bbox 1003 351 1124 400; x_wconf 78' lang='lat' dir='ltr'>magis</span> <span class='ocrx_word' id='word_1_40' title='bbox 1143 351 1239 388; x_wconf 90' lang='lat' dir='ltr'>mihi</span> 
     </span>
     <span class='ocr_line' id='line_1_6' title="bbox 130 403 1240 454; baseline 0 -13"><span class='ocrx_word' id='word_1_41' title='bbox 130 403 342 454; x_wconf 87' lang='lat' dir='ltr'>proprium,</span> <span class='ocrx_word' id='word_1_42' title='bbox 362 416 479 454; x_wconf 85' lang='lat' dir='ltr'>quam</span> <span class='ocrx_word' id='word_1_43' title='bbox 498 404 663 441; x_wconf 83' lang='lat' dir='ltr'>caeteris:</span> <span class='ocrx_word' id='word_1_44' title='bbox 694 403 830 441; x_wconf 90' lang='lat' dir='ltr'>doloris</span> <span class='ocrx_word' id='word_1_45' title='bbox 848 416 948 450; x_wconf 87' lang='lat' dir='ltr'>vero,</span> <span class='ocrx_word' id='word_1_46' title='bbox 970 411 1006 441; x_wconf 89' lang='lat' dir='ltr'>et</span> <span class='ocrx_word' id='word_1_47' title='bbox 1025 403 1182 449; x_wconf 88' lang='lat' dir='ltr'>timoris,</span> <span class='ocrx_word' id='word_1_48' title='bbox 1203 412 1240 442; x_wconf 89' lang='lat' dir='ltr'>et</span> 
     </span>
     <span class='ocr_line' id='line_1_7' title="bbox 129 456 1240 507; baseline 0 -13"><span class='ocrx_word' id='word_1_49' title='bbox 129 457 300 507; x_wconf 88' lang='lat' dir='ltr'>periculi,</span> <span class='ocrx_word' id='word_1_50' title='bbox 314 457 389 495; x_wconf 84' lang='lat' dir='ltr'>fuit</span> <span class='ocrx_word' id='word_1_51' title='bbox 406 457 472 494; x_wconf 87' lang='lat' dir='ltr'>illa</span> <span class='ocrx_word' id='word_1_52' title='bbox 490 469 602 494; x_wconf 85' lang='lat' dir='ltr'>causa</span> <span class='ocrx_word' id='word_1_53' title='bbox 615 456 851 495; x_wconf 90' lang='lat' dir='ltr'>communis:</span> <span class='ocrx_word' id='word_1_54' title='bbox 882 469 1004 507; x_wconf 89' lang='lat' dir='ltr'>neque</span> <span class='ocrx_word' id='word_1_55' title='bbox 1020 457 1120 494; x_wconf 90' lang='lat' dir='ltr'>enim</span> <span class='ocrx_word' id='word_1_56' title='bbox 1135 457 1240 507; x_wconf 85' lang='lat' dir='ltr'>prin-</span> 
     </span>
     <span class='ocr_line' id='line_1_8' title="bbox 129 510 1240 561; baseline 0 -13"><span class='ocrx_word' id='word_1_57' title='bbox 129 522 215 560; x_wconf 88' lang='lat' dir='ltr'>ceps</span> <span class='ocrx_word' id='word_1_58' title='bbox 234 518 325 548; x_wconf 90' lang='lat' dir='ltr'>tunc</span> <span class='ocrx_word' id='word_1_59' title='bbox 349 510 398 548; x_wconf 86' lang='lat' dir='ltr'>ad</span> <span class='ocrx_word' id='word_1_60' title='bbox 421 510 580 548; x_wconf 81' lang='lat' dir='ltr'>salutem</span> <span class='ocrx_word' id='word_1_61' title='bbox 607 523 685 548; x_wconf 84' lang='lat' dir='ltr'>esse</span> <span class='ocrx_word' id='word_1_62' title='bbox 703 510 923 561; x_wconf 83' lang='lat' dir='ltr'>potuissem,</span> <span class='ocrx_word' id='word_1_63' title='bbox 950 511 980 548; x_wconf 88' lang='lat' dir='ltr'>si</span> <span class='ocrx_word' id='word_1_64' title='bbox 999 523 1077 548; x_wconf 86' lang='lat' dir='ltr'>esse</span> <span class='ocrx_word' id='word_1_65' title='bbox 1095 511 1160 548; x_wconf 80' lang='lat' dir='ltr'>alii</span> <span class='ocrx_word' id='word_1_66' title='bbox 1179 523 1240 548; x_wconf 92' lang='lat' dir='ltr'>co-</span> 
     </span>
     <span class='ocr_line' id='line_1_9' title="bbox 129 563 1240 615; baseline 0 -15"><span class='ocrx_word' id='word_1_67' title='bbox 129 563 240 602; x_wconf 89' lang='lat' dir='ltr'><strong>mites</strong></span> <span class='ocrx_word' id='word_1_68' title='bbox 258 563 475 602; x_wconf 83' lang='lat' dir='ltr'><strong>noluissent.</strong></span> <span class='ocrx_word' id='word_1_69' title='bbox 511 564 643 611; x_wconf 84' lang='lat' dir='ltr'>Quare</span> <span class='ocrx_word' id='word_1_70' title='bbox 661 576 807 602; x_wconf 90' lang='lat' dir='ltr'>necesse</span> <span class='ocrx_word' id='word_1_71' title='bbox 826 571 894 610; x_wconf 83' lang='lat' dir='ltr'>est,</span> <span class='ocrx_word' id='word_1_72' title='bbox 916 564 1018 615; x_wconf 87' lang='lat' dir='ltr'>quod</span> <span class='ocrx_word' id='word_1_73' title='bbox 1036 564 1133 601; x_wconf 89' lang='lat' dir='ltr'>mihi</span> <span class='ocrx_word' id='word_1_74' title='bbox 1152 576 1240 602; x_wconf 90' lang='lat' dir='ltr'>con-</span> 
     </span>
     <span class='ocr_line' id='line_1_10' title="bbox 129 616 1239 668; baseline 0.001 -15"><span class='ocrx_word' id='word_1_75' title='bbox 129 616 203 654; x_wconf 89' lang='lat' dir='ltr'>suli</span> <span class='ocrx_word' id='word_1_76' title='bbox 221 617 455 668; x_wconf 75' lang='lat' dir='ltr'>praecipuum</span> <span class='ocrx_word' id='word_1_77' title='bbox 474 616 548 655; x_wconf 85' lang='lat' dir='ltr'>fuit</span> <span class='ocrx_word' id='word_1_78' title='bbox 565 624 699 668; x_wconf 84' lang='lat' dir='ltr'>praeter</span> <span class='ocrx_word' id='word_1_79' title='bbox 717 617 822 664; x_wconf 86' lang='lat' dir='ltr'>alios,</span> <span class='ocrx_word' id='word_1_80' title='bbox 842 617 882 654; x_wconf 90' lang='lat' dir='ltr'>id</span> <span class='ocrx_word' id='word_1_81' title='bbox 892 618 974 666; x_wconf 88' lang='lat' dir='ltr'>jam</span> <span class='ocrx_word' id='word_1_82' title='bbox 986 618 1131 668; x_wconf 86' lang='lat' dir='ltr'>privato</span> <span class='ocrx_word' id='word_1_83' title='bbox 1151 629 1239 654; x_wconf 88' lang='lat' dir='ltr'>cum</span> 
     </span>
     <span class='ocr_line' id='line_1_11' title="bbox 129 670 1240 721; baseline 0.001 -14"><span class='ocrx_word' id='word_1_84' title='bbox 129 670 271 709; x_wconf 76' lang='lat' dir='ltr'>caeoeris</span> <span class='ocrx_word' id='word_1_85' title='bbox 285 683 362 708; x_wconf 90' lang='lat' dir='ltr'>esse</span> <span class='ocrx_word' id='word_1_86' title='bbox 381 683 593 708; x_wconf 89' lang='lat' dir='ltr'>commune.</span> <span class='ocrx_word' id='word_1_87' title='bbox 623 671 762 721; x_wconf 88' lang='lat' dir='ltr'>Neque</span> <span class='ocrx_word' id='word_1_88' title='bbox 782 683 850 721; x_wconf 83' lang='lat' dir='ltr'>ego</span> <span class='ocrx_word' id='word_1_89' title='bbox 868 671 939 708; x_wconf 92' lang='lat' dir='ltr'>hoc</span> <span class='ocrx_word' id='word_1_90' title='bbox 958 670 1162 721; x_wconf 83' lang='lat' dir='ltr'>partiendae</span> <span class='ocrx_word' id='word_1_91' title='bbox 1180 670 1240 707; x_wconf 91' lang='lat' dir='ltr'>in-</span> 
     </span>
     <span class='ocr_line' id='line_1_12' title="bbox 128 722 1240 775; baseline 0 -14"><span class='ocrx_word' id='word_1_92' title='bbox 128 722 254 771; x_wconf 87' lang='lat' dir='ltr'>vidiae,</span> <span class='ocrx_word' id='word_1_93' title='bbox 270 723 334 762; x_wconf 89' lang='lat' dir='ltr'>sed</span> <span class='ocrx_word' id='word_1_94' title='bbox 352 723 674 762; x_wconf 83' lang='lat' dir='ltr'>communicandae</span> <span class='ocrx_word' id='word_1_95' title='bbox 687 723 824 770; x_wconf 81' lang='lat' dir='ltr'>laudis,</span> <span class='ocrx_word' id='word_1_96' title='bbox 839 724 951 762; x_wconf 57' lang='lat' dir='ltr'>caus&amp;</span> <span class='ocrx_word' id='word_1_97' title='bbox 962 725 1108 775; x_wconf 89' lang='lat' dir='ltr'>loquor.</span> <span class='ocrx_word' id='word_1_98' title='bbox 1134 723 1240 762; x_wconf 91' lang='lat' dir='ltr'>One-</span> 
     </span>
     <span class='ocr_line' id='line_1_13' title="bbox 129 776 1240 828; baseline 0 -14"><span class='ocrx_word' id='word_1_99' title='bbox 129 776 181 814; x_wconf 89' lang='lat' dir='ltr'>ris</span> <span class='ocrx_word' id='word_1_100' title='bbox 198 777 275 815; x_wconf 90' lang='lat' dir='ltr'>mei</span> <span class='ocrx_word' id='word_1_101' title='bbox 291 785 438 828; x_wconf 87' lang='lat' dir='ltr'>partem</span> <span class='ocrx_word' id='word_1_102' title='bbox 463 777 607 815; x_wconf 90' lang='lat' dir='ltr'>nemini</span> <span class='ocrx_word' id='word_1_103' title='bbox 624 777 813 828; x_wconf 76' lang='lat' dir='ltr'>impertio,</span> <span class='ocrx_word' id='word_1_104' title='bbox 837 777 967 828; x_wconf 86' lang='lat' dir='ltr'>gloriae</span> <span class='ocrx_word' id='word_1_105' title='bbox 986 777 1094 816; x_wconf 87' lang='lat' dir='ltr'>bonis</span> <span class='ocrx_word' id='word_1_106' title='bbox 1116 777 1240 815; x_wconf 89' lang='lat' dir='ltr'>omni-</span> 
     </span>
     <span class='ocr_line' id='line_1_14' title="bbox 130 830 215 867; baseline 0 0"><span class='ocrx_word' id='word_1_107' title='bbox 130 830 215 867; x_wconf 86' lang='lat' dir='ltr'>bus.</span> 
     </span>
    </p>

    <p class='ocr_par' dir='ltr' id='par_1_3' title="bbox 127 882 1241 1520">
     <span class='ocr_line' id='line_1_15' title="bbox 185 882 1240 935; baseline 0.001 -14"><span class='ocrx_word' id='word_1_108' title='bbox 185 883 235 921; x_wconf 93' lang='lat' dir='ltr'>In</span> <span class='ocrx_word' id='word_1_109' title='bbox 253 884 490 922; x_wconf 88' lang='lat' dir='ltr'>Autronium</span> <span class='ocrx_word' id='word_1_110' title='bbox 515 882 773 922; x_wconf 87' lang='lat' dir='ltr'>testimonium</span> <span class='ocrx_word' id='word_1_111' title='bbox 799 883 942 930; x_wconf 78' lang='lat' dir='ltr'>dixisti,</span> <span class='ocrx_word' id='word_1_112' title='bbox 966 883 1114 935; x_wconf 86' lang='lat' dir='ltr'>inquit:</span> <span class='ocrx_word' id='word_1_113' title='bbox 1151 883 1240 923; x_wconf 88' lang='lat' dir='ltr'>Sul-</span> 
     </span>
     <span class='ocr_line' id='line_1_16' title="bbox 130 936 1237 997; baseline 0.002 -24"><span class='ocrx_word' id='word_1_114' title='bbox 130 936 209 974; x_wconf 89' lang='lat' dir='ltr'>lam</span> <span class='ocrx_word' id='word_1_115' title='bbox 228 937 408 975; x_wconf 86' lang='lat' dir='ltr'>defendis.</span> <span class='ocrx_word' id='word_1_116' title='bbox 447 937 534 975; x_wconf 93' lang='lat' dir='ltr'>Hoc</span> <span class='ocrx_word' id='word_1_117' title='bbox 559 945 682 975; x_wconf 88' lang='lat' dir='ltr'>totum</span> <span class='ocrx_word' id='word_1_118' title='bbox 701 937 887 985; x_wconf 89' lang='lat' dir='ltr'>ejusmodi</span> <span class='ocrx_word' id='word_1_119' title='bbox 912 945 979 984; x_wconf 90' lang='lat' dir='ltr'>est,</span> <span class='ocrx_word' id='word_1_120' title='bbox 1001 937 1159 997; x_wconf 80' lang='lat' dir='ltr'>judices,</span> <span class='ocrx_word' id='word_1_121' title='bbox 1180 944 1237 984; x_wconf 85' lang='lat' dir='ltr'>ut,</span> 
     </span>
     <span class='ocr_line' id='line_1_17' title="bbox 131 965 1239 1040; baseline 0.001 -13"><span class='ocrx_word' id='word_1_122' title='bbox 131 990 163 1027; x_wconf 88' lang='lat' dir='ltr'>si</span> <span class='ocrx_word' id='word_1_123' title='bbox 181 1003 250 1040; x_wconf 89' lang='lat' dir='ltr'>ego</span> <span class='ocrx_word' id='word_1_124' title='bbox 272 991 343 1028; x_wconf 85' lang='lat' dir='ltr'>sim</span> <span class='ocrx_word' id='word_1_125' title='bbox 365 991 580 1029; x_wconf 86' lang='lat' dir='ltr'>inconstans</span> <span class='ocrx_word' id='word_1_126' title='bbox 603 1003 646 1028; x_wconf 87' lang='lat' dir='ltr'>ac</span> <span class='ocrx_word' id='word_1_127' title='bbox 670 991 776 1036; x_wconf 84' lang='lat' dir='ltr'>levis,</span> <span class='ocrx_word' id='word_1_128' title='bbox 796 1003 864 1028; x_wconf 91' lang='lat' dir='ltr'>nec</span> <span class='ocrx_word' id='word_1_129' title='bbox 887 991 1098 1028; x_wconf 82' lang='lat' dir='ltr'>testimonio</span> <span class='ocrx_word' id='word_1_130' title='bbox 1124 965 1239 1028; x_wconf 82' lang='lat' dir='ltr'>fideni</span> 
     </span>
     <span class='ocr_line' id='line_1_18' title="bbox 129 1043 1241 1091; baseline 0.001 -11"><span class='ocrx_word' id='word_1_131' title='bbox 129 1043 245 1081; x_wconf 90' lang='lat' dir='ltr'>tribui</span> <span class='ocrx_word' id='word_1_132' title='bbox 255 1044 480 1091; x_wconf 85' lang='lat' dir='ltr'>convenerit,</span> <span class='ocrx_word' id='word_1_133' title='bbox 500 1056 568 1082; x_wconf 89' lang='lat' dir='ltr'>nec</span> <span class='ocrx_word' id='word_1_134' title='bbox 582 1043 788 1081; x_wconf 89' lang='lat' dir='ltr'>defensioni</span> <span class='ocrx_word' id='word_1_135' title='bbox 802 1044 1074 1082; x_wconf 85' lang='lat' dir='ltr'>auctoritatem.</span> <span class='ocrx_word' id='word_1_136' title='bbox 1105 1044 1171 1082; x_wconf 88' lang='lat' dir='ltr'>Sin</span> <span class='ocrx_word' id='word_1_137' title='bbox 1185 1051 1241 1081; x_wconf 87' lang='lat' dir='ltr'>est</span> 
     </span>
     <span class='ocr_line' id='line_1_19' title="bbox 129 1096 1239 1157; baseline 0.001 -24"><span class='ocrx_word' id='word_1_138' title='bbox 129 1096 170 1133; x_wconf 87' lang='lat' dir='ltr'>in</span> <span class='ocrx_word' id='word_1_139' title='bbox 189 1109 251 1134; x_wconf 91' lang='lat' dir='ltr'>me</span> <span class='ocrx_word' id='word_1_140' title='bbox 268 1097 364 1135; x_wconf 85' lang='lat' dir='ltr'>ratio</span> <span class='ocrx_word' id='word_1_141' title='bbox 381 1097 611 1148; x_wconf 86' lang='lat' dir='ltr'>reipublicae,</span> <span class='ocrx_word' id='word_1_142' title='bbox 624 1097 755 1146; x_wconf 86' lang='lat' dir='ltr'>religio</span> <span class='ocrx_word' id='word_1_143' title='bbox 772 1097 909 1147; x_wconf 87' lang='lat' dir='ltr'>privati</span> <span class='ocrx_word' id='word_1_144' title='bbox 928 1097 1053 1157; x_wconf 67' lang='lat' dir='ltr'>oflicii,</span> <span class='ocrx_word' id='word_1_145' title='bbox 1070 1097 1239 1135; x_wconf 83' lang='lat' dir='ltr'>studium</span> 
     </span>
     <span class='ocr_line' id='line_1_20' title="bbox 128 1149 1238 1195; baseline 0.001 -9"><span class='ocrx_word' id='word_1_146' title='bbox 128 1149 333 1188; x_wconf 87' lang='lat' dir='ltr'>retinendae</span> <span class='ocrx_word' id='word_1_147' title='bbox 350 1150 554 1188; x_wconf 82' lang='lat' dir='ltr'>voluntatis</span> <span class='ocrx_word' id='word_1_148' title='bbox 576 1151 791 1195; x_wconf 78' lang='lat' dir='ltr'>bonorum3</span> <span class='ocrx_word' id='word_1_149' title='bbox 823 1151 918 1187; x_wconf 88' lang='lat' dir='ltr'>nihil</span> <span class='ocrx_word' id='word_1_150' title='bbox 941 1150 1069 1188; x_wconf 88' lang='lat' dir='ltr'>minus</span> <span class='ocrx_word' id='word_1_151' title='bbox 1088 1163 1238 1188; x_wconf 84' lang='lat' dir='ltr'>accusa-</span> 
     </span>
     <span class='ocr_line' id='line_1_21' title="bbox 127 1178 1240 1254; baseline 0 -14"><span class='ocrx_word' id='word_1_152' title='bbox 127 1209 186 1240; x_wconf 93' lang='lat' dir='ltr'>tor</span> <span class='ocrx_word' id='word_1_153' title='bbox 207 1203 320 1242; x_wconf 89' lang='lat' dir='ltr'>debet</span> <span class='ocrx_word' id='word_1_154' title='bbox 342 1203 476 1251; x_wconf 82' lang='lat' dir='ltr'>dicere,</span> <span class='ocrx_word' id='word_1_155' title='bbox 497 1216 615 1254; x_wconf 88' lang='lat' dir='ltr'>quam</span> <span class='ocrx_word' id='word_1_156' title='bbox 641 1216 664 1240; x_wconf 85' lang='lat' dir='ltr'>a</span> <span class='ocrx_word' id='word_1_157' title='bbox 685 1215 747 1240; x_wconf 90' lang='lat' dir='ltr'>me</span> <span class='ocrx_word' id='word_1_158' title='bbox 769 1178 920 1241; x_wconf 87' lang='lat' dir='ltr'>defendi</span> <span class='ocrx_word' id='word_1_159' title='bbox 942 1204 1105 1249; x_wconf 87' lang='lat' dir='ltr'>Sullam,</span> <span class='ocrx_word' id='word_1_160' title='bbox 1136 1203 1240 1240; x_wconf 80' lang='lat' dir='ltr'>testi-</span> 
     </span>
     <span class='ocr_line' id='line_1_22' title="bbox 127 1257 1240 1295; baseline 0.001 -2"><span class='ocrx_word' id='word_1_161' title='bbox 127 1257 256 1294; x_wconf 92' lang='lat' dir='ltr'>monio</span> <span class='ocrx_word' id='word_1_162' title='bbox 273 1258 408 1295; x_wconf 86' lang='lat' dir='ltr'>laesum</span> <span class='ocrx_word' id='word_1_163' title='bbox 427 1269 504 1295; x_wconf 87' lang='lat' dir='ltr'>esse</span> <span class='ocrx_word' id='word_1_164' title='bbox 521 1257 771 1294; x_wconf 84' lang='lat' dir='ltr'>Autronium.</span> <span class='ocrx_word' id='word_1_165' title='bbox 801 1257 945 1295; x_wconf 90' lang='lat' dir='ltr'>Videor</span> <span class='ocrx_word' id='word_1_166' title='bbox 964 1257 1065 1294; x_wconf 89' lang='lat' dir='ltr'>enim</span> <span class='ocrx_word' id='word_1_167' title='bbox 1084 1269 1160 1295; x_wconf 92' lang='lat' dir='ltr'>non</span> <span class='ocrx_word' id='word_1_168' title='bbox 1180 1269 1240 1294; x_wconf 93' lang='lat' dir='ltr'>so-</span> 
     </span>
     <span class='ocr_line' id='line_1_23' title="bbox 128 1309 1240 1360; baseline -0.001 -12"><span class='ocrx_word' id='word_1_169' title='bbox 128 1310 211 1348; x_wconf 91' lang='lat' dir='ltr'>lum</span> <span class='ocrx_word' id='word_1_170' title='bbox 230 1310 399 1348; x_wconf 85' lang='lat' dir='ltr'>studium</span> <span class='ocrx_word' id='word_1_171' title='bbox 414 1310 463 1347; x_wconf 87' lang='lat' dir='ltr'>ad</span> <span class='ocrx_word' id='word_1_172' title='bbox 476 1309 728 1348; x_wconf 84' lang='lat' dir='ltr'>defendendas</span> <span class='ocrx_word' id='word_1_173' title='bbox 743 1323 887 1358; x_wconf 85' lang='lat' dir='ltr'>causas,</span> <span class='ocrx_word' id='word_1_174' title='bbox 901 1323 1034 1348; x_wconf 87' lang='lat' dir='ltr'>verum</span> <span class='ocrx_word' id='word_1_175' title='bbox 1053 1310 1240 1360; x_wconf 87' lang='lat' dir='ltr'>opinionis</span> 
     </span>
     <span class='ocr_line' id='line_1_24' title="bbox 129 1363 1239 1423; baseline 0 -23"><span class='ocrx_word' id='word_1_176' title='bbox 129 1363 272 1414; x_wconf 87' lang='lat' dir='ltr'>aliquid</span> <span class='ocrx_word' id='word_1_177' title='bbox 292 1371 328 1401; x_wconf 87' lang='lat' dir='ltr'>et</span> <span class='ocrx_word' id='word_1_178' title='bbox 353 1363 596 1423; x_wconf 78' lang='lat' dir='ltr'>auctoritatis,</span> <span class='ocrx_word' id='word_1_179' title='bbox 617 1363 774 1401; x_wconf 83' lang='lat' dir='ltr'>afferre.</span> <span class='ocrx_word' id='word_1_180' title='bbox 806 1377 884 1414; x_wconf 84' lang='lat' dir='ltr'>qua</span> <span class='ocrx_word' id='word_1_181' title='bbox 906 1371 942 1401; x_wconf 91' lang='lat' dir='ltr'>et</span> <span class='ocrx_word' id='word_1_182' title='bbox 960 1363 1151 1401; x_wconf 87' lang='lat' dir='ltr'>moderate</span> <span class='ocrx_word' id='word_1_183' title='bbox 1170 1376 1239 1413; x_wconf 85' lang='lat' dir='ltr'>ego</span> 
     </span>
     <span class='ocr_line' id='line_1_25' title="bbox 128 1417 1239 1477; baseline 0 -23"><span class='ocrx_word' id='word_1_184' title='bbox 128 1423 232 1477; x_wconf 65' lang='lat' dir='ltr'>utar,</span> <span class='ocrx_word' id='word_1_185' title='bbox 251 1417 410 1466; x_wconf 87' lang='lat' dir='ltr'>judices,</span> <span class='ocrx_word' id='word_1_186' title='bbox 431 1424 468 1455; x_wconf 89' lang='lat' dir='ltr'>et</span> <span class='ocrx_word' id='word_1_187' title='bbox 492 1417 647 1455; x_wconf 82' lang='lat' dir='ltr'>omnino</span> <span class='ocrx_word' id='word_1_188' title='bbox 676 1428 752 1454; x_wconf 90' lang='lat' dir='ltr'>non</span> <span class='ocrx_word' id='word_1_189' title='bbox 779 1424 916 1464; x_wconf 85' lang='lat' dir='ltr'>uterer,</span> <span class='ocrx_word' id='word_1_190' title='bbox 944 1417 975 1455; x_wconf 90' lang='lat' dir='ltr'>si</span> <span class='ocrx_word' id='word_1_191' title='bbox 997 1417 1062 1454; x_wconf 84' lang='lat' dir='ltr'>ille</span> <span class='ocrx_word' id='word_1_192' title='bbox 1083 1429 1145 1454; x_wconf 91' lang='lat' dir='ltr'>me</span> <span class='ocrx_word' id='word_1_193' title='bbox 1163 1429 1239 1454; x_wconf 90' lang='lat' dir='ltr'>non</span> 
     </span>
     <span class='ocr_line' id='line_1_26' title="bbox 130 1470 320 1520; baseline 0.005 -12"><span class='ocrx_word' id='word_1_194' title='bbox 130 1470 320 1520; x_wconf 63' lang='lat' dir='ltr'>coegisset.</span> 
     </span>
    </p>

    <p class='ocr_par' dir='ltr' id='par_1_4' title="bbox 128 1523 1246 2148">
     <span class='ocr_line' id='line_1_27' title="bbox 182 1523 1241 1574; baseline 0 -13"><span class='ocrx_word' id='word_1_195' title='bbox 182 1523 259 1562; x_wconf 90' lang='lat' dir='ltr'>IV.</span> <span class='ocrx_word' id='word_1_196' title='bbox 286 1524 390 1562; x_wconf 79' lang='lat' dir='ltr'>Duae</span> <span class='ocrx_word' id='word_1_197' title='bbox 410 1523 684 1573; x_wconf 88' lang='lat' dir='ltr'>conjurationes</span> <span class='ocrx_word' id='word_1_198' title='bbox 707 1525 772 1562; x_wconf 87' lang='lat' dir='ltr'>abs</span> <span class='ocrx_word' id='word_1_199' title='bbox 795 1531 846 1571; x_wconf 90' lang='lat' dir='ltr'>te,</span> <span class='ocrx_word' id='word_1_200' title='bbox 867 1523 1076 1574; x_wconf 83' lang='lat' dir='ltr'>Torquate,</span> <span class='ocrx_word' id='word_1_201' title='bbox 1103 1523 1241 1561; x_wconf 85' lang='lat' dir='ltr'>consti-</span> 
     </span>
     <span class='ocr_line' id='line_1_28' title="bbox 129 1577 1239 1628; baseline 0 -14"><span class='ocrx_word' id='word_1_202' title='bbox 129 1583 315 1623; x_wconf 84' lang='lat' dir='ltr'>tuuntur;</span> <span class='ocrx_word' id='word_1_203' title='bbox 345 1590 437 1625; x_wconf 88' lang='lat' dir='ltr'>una,</span> <span class='ocrx_word' id='word_1_204' title='bbox 465 1591 565 1628; x_wconf 85' lang='lat' dir='ltr'>quae,</span> <span class='ocrx_word' id='word_1_205' title='bbox 587 1577 733 1628; x_wconf 85' lang='lat' dir='ltr'>Lepido</span> <span class='ocrx_word' id='word_1_206' title='bbox 757 1584 794 1615; x_wconf 89' lang='lat' dir='ltr'>et</span> <span class='ocrx_word' id='word_1_207' title='bbox 812 1577 986 1615; x_wconf 88' lang='lat' dir='ltr'>Volcatio</span> <span class='ocrx_word' id='word_1_208' title='bbox 1009 1577 1239 1624; x_wconf 90' lang='lat' dir='ltr'>consulibus,</span> 
     </span>
     <span class='ocr_line' id='line_1_29' title="bbox 129 1630 1239 1681; baseline 0 -14"><span class='ocrx_word' id='word_1_209' title='bbox 129 1637 234 1681; x_wconf 91' lang='lat' dir='ltr'>patre</span> <span class='ocrx_word' id='word_1_210' title='bbox 253 1638 319 1668; x_wconf 93' lang='lat' dir='ltr'>tuo</span> <span class='ocrx_word' id='word_1_211' title='bbox 333 1631 485 1669; x_wconf 88' lang='lat' dir='ltr'>consule</span> <span class='ocrx_word' id='word_1_212' title='bbox 495 1630 703 1680; x_wconf 86' lang='lat' dir='ltr'>designato,</span> <span class='ocrx_word' id='word_1_213' title='bbox 719 1630 818 1668; x_wconf 84' lang='lat' dir='ltr'>facta</span> <span class='ocrx_word' id='word_1_214' title='bbox 830 1643 909 1668; x_wconf 86' lang='lat' dir='ltr'>esse</span> <span class='ocrx_word' id='word_1_215' title='bbox 922 1630 1085 1675; x_wconf 57' lang='lat' dir='ltr'>(licitum</span> <span class='ocrx_word' id='word_1_216' title='bbox 1106 1630 1239 1677; x_wconf 78' lang='lat' dir='ltr'>altera,</span> 
     </span>
     <span class='ocr_line' id='line_1_30' title="bbox 130 1683 1241 1735; baseline 0 -15"><span class='ocrx_word' id='word_1_217' title='bbox 130 1696 216 1733; x_wconf 88' lang='lat' dir='ltr'>quae</span> <span class='ocrx_word' id='word_1_218' title='bbox 239 1696 302 1723; x_wconf 85' lang='lat' dir='ltr'>me</span> <span class='ocrx_word' id='word_1_219' title='bbox 331 1685 494 1722; x_wconf 83' lang='lat' dir='ltr'>consule.</span> <span class='ocrx_word' id='word_1_220' title='bbox 535 1683 689 1722; x_wconf 83' lang='lat' dir='ltr'>Harum</span> <span class='ocrx_word' id='word_1_221' title='bbox 718 1684 758 1720; x_wconf 92' lang='lat' dir='ltr'>in</span> <span class='ocrx_word' id='word_1_222' title='bbox 780 1684 942 1735; x_wconf 54' lang='lat' dir='ltr'>utraque</span> <span class='ocrx_word' id='word_1_223' title='bbox 971 1684 1120 1721; x_wconf 86' lang='lat' dir='ltr'>Sullam</span> <span class='ocrx_word' id='word_1_224' title='bbox 1149 1683 1241 1721; x_wconf 90' lang='lat' dir='ltr'>dicis</span> 
     </span>
     <span class='ocr_line' id='line_1_31' title="bbox 128 1736 1242 1788; baseline 0.001 -15"><span class='ocrx_word' id='word_1_225' title='bbox 128 1736 257 1775; x_wconf 85' lang='lat' dir='ltr'>fuisse.</span> <span class='ocrx_word' id='word_1_226' title='bbox 286 1737 409 1776; x_wconf 87' lang='lat' dir='ltr'>Patris</span> <span class='ocrx_word' id='word_1_227' title='bbox 428 1737 499 1783; x_wconf 89' lang='lat' dir='ltr'>tui,</span> <span class='ocrx_word' id='word_1_228' title='bbox 519 1736 714 1775; x_wconf 89' lang='lat' dir='ltr'>fortissimi</span> <span class='ocrx_word' id='word_1_229' title='bbox 732 1737 803 1775; x_wconf 91' lang='lat' dir='ltr'>viri</span> <span class='ocrx_word' id='word_1_230' title='bbox 821 1744 935 1788; x_wconf 91' lang='lat' dir='ltr'>atque</span> <span class='ocrx_word' id='word_1_231' title='bbox 953 1737 1088 1787; x_wconf 87' lang='lat' dir='ltr'>optimi</span> <span class='ocrx_word' id='word_1_232' title='bbox 1106 1749 1242 1775; x_wconf 85' lang='lat' dir='ltr'>consu.-</span> 
     </span>
     <span class='ocr_line' id='line_1_32' title="bbox 128 1789 1242 1839; baseline -0.002 -11"><span class='ocrx_word' id='word_1_233' title='bbox 128 1789 190 1835; x_wconf 83' lang='lat' dir='ltr'>lis,</span> <span class='ocrx_word' id='word_1_234' title='bbox 211 1790 295 1839; x_wconf 88' lang='lat' dir='ltr'>scis,</span> <span class='ocrx_word' id='word_1_235' title='bbox 314 1803 377 1828; x_wconf 90' lang='lat' dir='ltr'>me</span> <span class='ocrx_word' id='word_1_236' title='bbox 394 1790 556 1829; x_wconf 82' lang='lat' dir='ltr'>consiliis</span> <span class='ocrx_word' id='word_1_237' title='bbox 580 1803 656 1828; x_wconf 91' lang='lat' dir='ltr'>non</span> <span class='ocrx_word' id='word_1_238' title='bbox 674 1790 887 1828; x_wconf 86' lang='lat' dir='ltr'>interfuisse</span> <span class='ocrx_word' id='word_1_239' title='bbox 904 1805 913 1828; x_wconf 90' lang='lat'><strong>:</strong></span> <span class='ocrx_word' id='word_1_240' title='bbox 945 1790 1029 1836; x_wconf 90' lang='lat' dir='ltr'>scis,</span> <span class='ocrx_word' id='word_1_241' title='bbox 1049 1802 1126 1836; x_wconf 89' lang='lat' dir='ltr'>me,</span> <span class='ocrx_word' id='word_1_242' title='bbox 1153 1801 1242 1828; x_wconf 87' lang='lat' dir='ltr'>cum</span> 
     </span>
     <span class='ocr_line' id='line_1_33' title="bbox 130 1842 1244 1891; baseline 0.001 -12"><span class='ocrx_word' id='word_1_243' title='bbox 130 1842 227 1880; x_wconf 89' lang='lat' dir='ltr'>mihi</span> <span class='ocrx_word' id='word_1_244' title='bbox 252 1855 425 1882; x_wconf 86' lang='lat' dir='ltr'>summus</span> <span class='ocrx_word' id='word_1_245' title='bbox 446 1851 572 1882; x_wconf 91' lang='lat' dir='ltr'>tecum</span> <span class='ocrx_word' id='word_1_246' title='bbox 594 1855 687 1881; x_wconf 89' lang='lat' dir='ltr'>usus</span> <span class='ocrx_word' id='word_1_247' title='bbox 713 1851 822 1891; x_wconf 87' lang='lat' dir='ltr'>esset,</span> <span class='ocrx_word' id='word_1_248' title='bbox 848 1850 977 1881; x_wconf 86' lang='lat' dir='ltr'>tamen</span> <span class='ocrx_word' id='word_1_249' title='bbox 1002 1843 1156 1880; x_wconf 90' lang='lat' dir='ltr'>illorum</span> <span class='ocrx_word' id='word_1_250' title='bbox 1176 1855 1244 1880; x_wconf 88' lang='lat' dir='ltr'>ex-</span> 
     </span>
     <span class='ocr_line' id='line_1_34' title="bbox 130 1895 1243 1948; baseline -0.001 -15"><span class='ocrx_word' id='word_1_251' title='bbox 130 1903 275 1946; x_wconf 87' lang='lat' dir='ltr'>pertem</span> <span class='ocrx_word' id='word_1_252' title='bbox 293 1904 509 1948; x_wconf 85' lang='lat' dir='ltr'>temporum</span> <span class='ocrx_word' id='word_1_253' title='bbox 528 1904 565 1935; x_wconf 91' lang='lat' dir='ltr'>et</span> <span class='ocrx_word' id='word_1_254' title='bbox 583 1909 801 1935; x_wconf 89' lang='lat' dir='ltr'>sermonum</span> <span class='ocrx_word' id='word_1_255' title='bbox 823 1896 965 1942; x_wconf 80' lang='lat' dir='ltr'>fuisse3</span> <span class='ocrx_word' id='word_1_256' title='bbox 995 1895 1118 1942; x_wconf 86' lang='lat' dir='ltr'>credo,</span> <span class='ocrx_word' id='word_1_257' title='bbox 1139 1895 1243 1947; x_wconf 90' lang='lat' dir='ltr'>quod</span> 
     </span>
     <span class='ocr_line' id='line_1_35' title="bbox 130 1949 1242 2001; baseline 0 -16"><span class='ocrx_word' id='word_1_258' title='bbox 130 1949 302 1986; x_wconf 90' lang='lat' dir='ltr'>nondum</span> <span class='ocrx_word' id='word_1_259' title='bbox 320 1951 470 2000; x_wconf 89' lang='lat' dir='ltr'>penitus</span> <span class='ocrx_word' id='word_1_260' title='bbox 483 1950 524 1987; x_wconf 91' lang='lat' dir='ltr'>in</span> <span class='ocrx_word' id='word_1_261' title='bbox 542 1949 734 2001; x_wconf 57' lang='lat' dir='ltr'>republica</span> <span class='ocrx_word' id='word_1_262' title='bbox 747 1951 934 1998; x_wconf 87' lang='lat' dir='ltr'>versabar,</span> <span class='ocrx_word' id='word_1_263' title='bbox 950 1949 1052 2001; x_wconf 86' lang='lat' dir='ltr'>quod</span> <span class='ocrx_word' id='word_1_264' title='bbox 1070 1949 1242 1987; x_wconf 89' lang='lat' dir='ltr'>nondum</span> 
     </span>
     <span class='ocr_line' id='line_1_36' title="bbox 128 2001 1242 2054; baseline -0.001 -15"><span class='ocrx_word' id='word_1_265' title='bbox 128 2001 179 2039; x_wconf 84' lang='lat' dir='ltr'>ad</span> <span class='ocrx_word' id='word_1_266' title='bbox 196 2003 431 2053; x_wconf 86' lang='lat' dir='ltr'>propositum</span> <span class='ocrx_word' id='word_1_267' title='bbox 449 2003 546 2042; x_wconf 91' lang='lat' dir='ltr'>mihi</span> <span class='ocrx_word' id='word_1_268' title='bbox 564 2003 680 2041; x_wconf 91' lang='lat' dir='ltr'>finem</span> <span class='ocrx_word' id='word_1_269' title='bbox 699 2004 852 2041; x_wconf 90' lang='lat' dir='ltr'>honoris</span> <span class='ocrx_word' id='word_1_270' title='bbox 864 2015 1124 2054; x_wconf 84' lang='lat' dir='ltr'>perveneram,</span> <span class='ocrx_word' id='word_1_271' title='bbox 1139 2001 1242 2052; x_wconf 91' lang='lat' dir='ltr'>quod</span> 
     </span>
     <span class='ocr_line' id='line_1_37' title="bbox 133 2054 1246 2104; baseline -0.001 -12"><span class='ocrx_word' id='word_1_272' title='bbox 133 2067 220 2093; x_wconf 81' lang='lat' dir='ltr'>mea</span> <span class='ocrx_word' id='word_1_273' title='bbox 236 2067 299 2094; x_wconf 88' lang='lat' dir='ltr'>me</span> <span class='ocrx_word' id='word_1_274' title='bbox 317 2056 474 2094; x_wconf 88' lang='lat' dir='ltr'>ambitio</span> <span class='ocrx_word' id='word_1_275' title='bbox 487 2064 525 2095; x_wconf 88' lang='lat' dir='ltr'>et</span> <span class='ocrx_word' id='word_1_276' title='bbox 535 2056 691 2096; x_wconf 88' lang='lat' dir='ltr'>forensis</span> <span class='ocrx_word' id='word_1_277' title='bbox 707 2057 814 2094; x_wconf 82' lang='lat' dir='ltr'>labor</span> <span class='ocrx_word' id='word_1_278' title='bbox 827 2059 876 2095; x_wconf 87' lang='lat' dir='ltr'>ab</span> <span class='ocrx_word' id='word_1_279' title='bbox 894 2056 1000 2095; x_wconf 88' lang='lat' dir='ltr'>omni</span> <span class='ocrx_word' id='word_1_280' title='bbox 1018 2054 1085 2093; x_wconf 66' lang='lat' dir='ltr'>illa</span> <span class='ocrx_word' id='word_1_281' title='bbox 1102 2054 1246 2104; x_wconf 79' lang='lat' dir='ltr'>cogita-</span> 
     </span>
     <span class='ocr_line' id='line_1_38' title="bbox 133 2107 502 2148; baseline 0.003 -3"><span class='ocrx_word' id='word_1_282' title='bbox 133 2107 234 2146; x_wconf 82' lang='lat' dir='ltr'>tione</span> <span class='ocrx_word' id='word_1_283' title='bbox 251 2109 502 2148; x_wconf 84' lang='lat' dir='ltr'>abstrahebat.</span> 
     </span>
    </p>

    <p class='ocr_par' dir='ltr' id='par_1_5' title="bbox 187 2160 1243 2214">
     <span class='ocr_line' id='line_1_39' title="bbox 187 2160 1243 2214; baseline 0.001 -15"><span class='ocrx_word' id='word_1_284' title='bbox 187 2161 286 2208; x_wconf 90' lang='lat' dir='ltr'>Quis</span> <span class='ocrx_word' id='word_1_285' title='bbox 301 2175 388 2214; x_wconf 82' lang='lat' dir='ltr'>ergo</span> <span class='ocrx_word' id='word_1_286' title='bbox 399 2162 577 2202; x_wconf 78' lang='lat' dir='ltr'>intererat</span> <span class='ocrx_word' id='word_1_287' title='bbox 589 2163 719 2202; x_wconf 86' lang='lat' dir='ltr'>vestris</span> <span class='ocrx_word' id='word_1_288' title='bbox 731 2163 892 2202; x_wconf 87' lang='lat' dir='ltr'>consiliis</span> <span class='ocrx_word' id='word_1_289' title='bbox 904 2164 921 2199; x_wconf 70' lang='grc' dir='ltr'><em>Ρ</em></span> <span class='ocrx_word' id='word_1_290' title='bbox 941 2174 1070 2201; x_wconf 89' lang='lat' dir='ltr'>omnes</span> <span class='ocrx_word' id='word_1_291' title='bbox 1080 2160 1135 2207; x_wconf 79' lang='lat' dir='ltr'>hi,</span> <span class='ocrx_word' id='word_1_292' title='bbox 1149 2171 1243 2211; x_wconf 72' lang='lat' dir='ltr'>quos</span> 
     </span>
    </p>
   </div>
  </div>
 </body>
</html>
