1455 2343
254 84 328 120 148
466 83 578 122 PRO
609 83 778 122 DOMO
809 84 930 122 sUA.
962 83 1066 121 CAv.
1089 85 1152 121 22.

248 190 328 227 lam
347 202 422 228 non
441 190 556 228 modo
573 191 724 238 liberos,
745 190 809 228 sed
828 190 942 228 etiam
957 202 1096 239 servos,
1117 203 1165 229 ex
1183 191 1361 231 omnibus

249 243 338 282 vicis
350 244 565 291 concitatos,
579 244 657 282 vim
676 251 760 281 tum
779 243 950 282 videlicet
964 256 1039 281 non
1051 245 1210 295 parabas
1219 244 1238 280 ἲ
1258 243 1360 283 Cum

249 297 378 335 edictis
389 298 464 336 tuis
479 299 652 335 tabernas
666 297 791 335 claudi
802 298 976 347 jubebas,
992 310 1068 335 non
1080 297 1159 336 vim
1172 297 1358 349 imperitae

248 351 518 399 multitudinis,
540 351 604 389 sed
633 351 834 388 hominum
859 351 1105 389 honestorum
1131 351 1357 390 modestiam

247 405 577 456 prudentiamque,
616 406 809 456 quaerebas
824 407 841 442 ?
885 404 987 443 Cum
1023 418 1130 443 amia
1160 405 1201 443 in
1237 404 1358 443 aedem

247 458 412 497 Castoris
440 460 714 510 componebas,
734 458 831 495 nihil
861 458 980 506 aliud,
1000 458 1072 496 nisi
1101 458 1159 496 uti
1187 470 1236 496 ne
1264 457 1358 510 quid

245 525 312 562 per
332 513 410 551 vim
429 512 491 563 agi
509 519 646 563 posset,
666 512 932 550 machinabare
949 514 966 551 :³
995 512 1097 550 Cum
1112 525 1200 551 vero
1217 511 1358 563 gradus

245 565 410 603 Castoris
439 566 647 604 convellisti
665 578 708 603 ac
735 566 953 611 removisti3
984 573 1082 611 tum,
1117 574 1161 604 ut
1189 565 1358 604 modeste

244 619 313 657 tibi
346 632 456 670 agere
485 620 626 666 liceret,
657 618 828 656 homines
854 619 1013 657 audaces
1041 621 1089 657 ab
1121 621 1203 668 ejus
1221 618 1354 670 18111Ρ11

244 672 350 710 aditu
368 680 483 724 atque
501 673 682 711 adscensu
693 672 893 723 repulisti?
923 672 1024 710 Cum
1043 685 1118 721 eos,
1135 673 1203 723 qui
1214 673 1254 710 in
1269 685 1356 710 con-

243 739 267 763 v
269 739 312 764 en
318 733 359 764 tu
372 726 539 765 virorum
550 728 738 764 bonorum
754 728 867 764 verba
881 726 928 763 de
942 727 1062 764 salute
1076 739 1162 764 mea
1176 726 1354 773 fecerant,

243 779 372 818 adesse
404 779 562 829 jussisti,
601 792 809 830 eorumque
845 779 1129 817 advocationem
1159 780 1354 827 manibus,

244 833 355 880 ferro,
374 833 579 884 lapidibus,
599 833 830 878 discussisti3
862 840 945 870 tum
963 833 1130 884 profecto
1148 833 1355 881 ostendisti,

244 886 322 924 vim
341 887 411 925 tibi
429 887 597 925 maxime
622 887 828 938 displicere.
868 887 1017 925 Verum
1044 887 1124 925 haec
1142 886 1284 925 furiosa
1302 887 1357 925 vis

243 941 370 978 vesani
390 941 533 978 tribuni
561 940 682 992 plebis
701 940 810 978 facile
829 941 996 991 superari
1014 940 1214 991 frangique
1231 941 1355 992 potuit

244 994 410 1032 virorum
431 996 619 1033 bonorum
638 995 698 1032 vel
716 994 868 1037 virtute,
888 995 948 1032 vel
965 994 1223 1032 multitudine.

298 1047 429 1095 Quid.
421 1051 438 1076 9
471 1061 558 1086 cum
583 1047 748 1086 Gabinio
778 1047 888 1099 Syria
919 1047 1093 1095 dabatur,
1125 1047 1354 1087 Macedonia

245 1101 389 1150 Pisoni,
406 1102 558 1162 utrique
575 1101 798 1140 infinitum
788 1101 1007 1152 imperium,
1027 1101 1160 1152 ingens
1177 1102 1351 1152 pecunia,

243 1164 288 1193 ut
306 1155 375 1193 tibi
393 1168 483 1193 omn
486 1156 523 1193 ia
540 1155 814 1206 permitterent,
845 1162 881 1192 te
908 1154 1145 1203 adjuvarent,
1177 1156 1246 1193 tibi
1270 1168 1354 1193 ma-

243 1221 353 1256 num,
374 1209 513 1259 copias,
534 1208 603 1246 tibi
621 1221 707 1246 suos
729 1206 916 1259 [paratos]
939 1208 1185 1257 centuriones,
1206 1209 1276 1247 tibi
1289 1222 1355 1260 pe-

241 1262 385 1309 cunias,
402 1262 471 1299 tibi
489 1262 667 1308 familias,
694 1269 977 1311 compararent3
1008 1268 1044 1299 te
1063 1261 1140 1299 suis
1168 1262 1354 1301 sceleratis

241 1315 482 1353 concionibus
517 1316 781 1359 sublevarent3
814 1317 962 1352 senatfis
990 1315 1251 1353 auctoritatem
1270 1316 1354 1354 irri-

241 1368 397 1414 derent3
429 1365 619 1419 equitibus
639 1367 825 1406 Romanis
847 1376 1009 1406 mortem
1024 1369 1352 1420 proscriptionem-

240 1435 316 1472 que
333 1422 597 1459 minitarentur
613 1435 625 1466 ;
654 1434 717 1459 me
736 1428 915 1459 terrerent
932 1421 1046 1459 minis
1062 1435 1074 1467 3
1094 1422 1191 1459 mihi
1210 1423 1350 1461 caedem

241 1482 278 1512 et
307 1475 586 1513 dimicationem
617 1474 906 1519 denuntiarentg
937 1487 1062 1512 meam
1093 1475 1266 1525 domurn,
1295 1490 1355 1514 re-

241 1528 377 1566 fertam
397 1528 484 1567 viris
504 1528 626 1577 bonis,
646 1541 712 1579 per
731 1528 870 1566 amicos
889 1541 976 1567 suos
991 1529 1246 1580 complerent3
1267 1543 1354 1581 pro-

242 1582 452 1633 scriptionis
482 1589 588 1620 metu
618 1594 680 1619 me
709 1581 924 1632 frequentia
961 1582 1148 1620 nudarent
1184 1583 1352 1622 virorum

240 1636 442 1682 bonorum,
471 1648 534 1673 me
554 1635 728 1686 praesidio
755 1636 982 1685 spoliarent3
1012 1642 1186 1674 senatum
1204 1649 1274 1687 pro
1291 1643 1357 1676 me

239 1701 316 1726 non
339 1689 452 1727 modo
466 1701 649 1740 pugnare,
665 1688 944 1739 amplissimum
956 1689 1142 1736 ordinem,
1162 1690 1227 1728 sed
1238 1690 1352 1730 etiam

239 1742 386 1792 plorare
405 1750 441 1780 et
466 1743 676 1793 supplicare
703 1742 852 1779 mutata
870 1748 983 1790 veste,
1005 1742 1271 1793 prohiberent3
1302 1757 1351 1783 ne

239 1803 323 1833 tum
343 1796 498 1846 quidem
516 1796 572 1834 vis
591 1802 670 1834 erat
683 1798 700 1831 Ρ

290 1849 434 1887 XXII.
465 1849 572 1896 Quid
590 1849 707 1899 igitur
724 1862 793 1899 ego
813 1848 916 1896 cessi,
937 1856 1004 1886 aut
1022 1849 1090 1899 qui
1109 1849 1222 1888 timor
1239 1849 1314 1889 fuit
1327 1853 1346 1890 P

237 1916 315 1944 non
343 1902 512 1949 dicam,
502 1915 541 1939 m
562 1916 648 1940 me:
678 1879 769 1940 fact,
771 1915 833 1939 me
862 1902 1043 1939 timidum
1071 1915 1150 1940 esse
1179 1904 1341 1942 natura.

237 1957 331 2010 quid
361 1956 429 1993 illa
461 1963 515 1994 101
544 1956 712 1993 virorum
744 1955 1032 1993 fortissimorum
1070 1956 1224 1995 millia?
1253 1958 1347 2008 quid

235 2010 353 2050 nostri
368 2009 510 2060 equites
523 2009 724 2047 Romani?
754 2008 847 2068 quid
865 2016 1038 2047 senatus.
1029 2011 1046 2036 9
1076 2009 1170 2059 quid
1183 2009 1347 2062 denique

234 2077 365 2103 omnes
383 2062 496 2101 boni.
487 2064 504 2089 9
534 2062 564 2100 si
582 2061 689 2099 nulla
714 2069 793 2100 erat
811 2061 879 2108 vis,
901 2075 968 2100 cur
988 2075 1051 2100 me
1069 2063 1201 2101 flentes
1219 2064 1345 2114 potius

231 2116 417 2170 prosecuti
455 2123 556 2164 sunt,
588 2128 705 2168 quam
731 2122 798 2155 aut
824 2115 1058 2168 increpantes
1087 2116 1342 2167 retinuerunt,
