1425 2334
364 84 476 123 PRO
505 83 727 124 SEXTIO.
758 83 862 121 cip.
885 84 950 122 39.
1133 82 1210 126 297

103 189 216 228 alitur
243 189 470 241 impunitate
496 190 691 236 diuturna,
721 190 813 228 adeo
841 190 918 227 vim
945 189 1120 227 facinoris
1149 189 1209 226 sui

103 243 403 293 perhorruerant,
415 250 473 289 ut,
489 244 521 281 si
531 244 646 294 paulo
658 243 805 293 longior
823 242 950 293 opinio
968 243 1101 280 mortis
1115 243 1212 280 Sex·

103 295 146 332 tii
164 295 308 342 fuisset,
322 296 538 334 Gracchum
550 296 661 333 illum
678 308 805 341 suum,
823 295 1067 332 transferendi
1086 295 1126 332 in
1146 307 1214 333 nos

101 348 268 387 criminis
286 349 413 397 causa,
439 349 605 388 occidere
627 349 836 399 cogitarim.
867 348 993 386 Sensit
1010 348 1215 387 rusticulus

102 413 178 439 non
202 402 389 449 incautus,
410 405 549 454 (neque
571 402 673 440 enim
698 402 871 439 homines
899 414 1063 452 nequam
1092 409 1214 440 tacere

104 461 325 505 potuerunt)
339 469 451 493 suum
470 455 694 506 sanguinem
708 455 826 506 quaeri
841 455 888 492 ad
907 455 1213 505 restinguendam

103 507 286 546 invidiam
313 508 487 547 facinoris
515 509 715 547 Clodiani:
748 508 993 546 mulionicam
1020 508 1213 558 paenulam

104 561 276 612 arripuit,
289 575 377 600 cum
397 563 474 613 qua
491 563 660 613 primum
681 563 848 600 Romam
868 561 917 599 ad
932 561 1084 598 comitia
1103 573 1214 599 vene-

102 622 184 652 rat:
213 615 392 653 messoria
411 629 449 653 se
467 617 575 654 corbe
593 616 769 653 contexit.
800 615 901 653 Cum
920 621 1130 666 quaererent
1148 614 1213 652 alii

105 667 353 715 Numerium,
380 669 444 706 alii
475 668 697 716 Quintium,
727 668 871 719 gemini
898 667 1064 706 nominis
1092 680 1215 705 errore

103 728 270 759 servatus
289 730 354 760 est.
383 722 517 773 Atque
535 723 606 760 hoc
624 722 723 760 scitis
739 734 883 768 omnes,
904 734 1024 772 usque
1042 720 1135 758 adeo
1145 720 1214 758 ho-

102 774 246 812 minem
265 775 304 812 in
324 775 489 826 periculo
507 776 636 822 fuisse,
665 775 790 826 quoad
813 775 950 812 scitum
973 774 1021 811 sit
1040 774 1213 818 Sextium

102 827 237 865 vivere.
268 828 385 875 Quod
404 829 474 866 nisi
494 837 587 866 esset
601 829 829 879 patefactum
843 828 956 878 paulo
971 827 1080 865 citius
1094 840 1210 877 quam

103 881 253 928 vellem,
274 893 349 918 non
368 881 425 918 illi
444 882 613 932 quidem,
633 889 754 919 morte
766 880 985 918 mercenarii
1001 879 1072 927 sui,
1093 887 1213 918 trans-

100 933 196 970 ferre
209 934 418 985 potuissent
431 935 612 972 invidiam
628 935 666 971 in
683 947 777 985 quos
791 935 1002 984 putabant;
1032 933 1095 970 sed
1111 946 1211 970 acer-

101 986 246 1024 bissimi
261 987 405 1026 sceleris
423 987 621 1025 infamiam
638 994 745 1037 grato
757 987 924 1037 quodam
936 986 1074 1023 scelere
1084 986 1211 1024 minu-

101 1047 228 1077 issent.

154 1093 231 1139 Ac,
252 1094 284 1131 si
303 1100 393 1132 tunc
416 1094 461 1132 P.
482 1094 649 1140 Sextius,
669 1093 829 1143 judices,
853 1093 893 1130 in
916 1093 1058 1144 templo
1079 1093 1211 1131 Casto,

102 1146 154 1184 ris
183 1146 366 1195 animam,
391 1159 507 1198 quam
531 1148 595 1185 vix
620 1147 788 1193 retinuit,
813 1146 1016 1191 edidisset3
1045 1158 1121 1184 non
1141 1146 1212 1184 du-

101 1199 194 1248 bito,
215 1200 323 1251 quin,
344 1200 375 1238 si
387 1200 499 1238 modo
517 1207 612 1238 esset
630 1200 669 1237 in
688 1200 882 1250 republica
901 1206 1065 1247 senatus,
1079 1199 1109 1236 si
1128 1212 1211 1237 ma-

95 1254 212 1302 jestas
240 1253 373 1304 populi
404 1254 572 1291 Romani
609 1253 815 1300 revixisset,
846 1252 1050 1303 aliquando
1087 1259 1210 1291 statua

98 1305 202 1353 huic,
222 1308 270 1344 ob
289 1307 563 1358 rempublicam
583 1306 790 1354 interfecto,
810 1306 850 1343 in
869 1306 951 1343 foro
971 1313 1206 1343 statueretur.

100 1359 185 1397 Nec
203 1372 289 1397 vero
310 1360 464 1398 illorum
487 1360 704 1411 quisquam,
734 1372 828 1411 quos
851 1372 874 1397 a
897 1359 1105 1408 majoribus
1124 1371 1210 1397 nos-

100 1411 180 1460 tris,
199 1420 321 1451 morte
335 1412 450 1461 obita,
469 1413 612 1465 positos
625 1413 664 1450 in
677 1413 744 1450 illo
762 1414 856 1461 loco,
870 1418 985 1464 atque
1002 1412 1042 1448 in
1063 1412 1210 1451 Rostris

99 1466 311 1513 collocatos,
326 1466 475 1516 videtis,
488 1473 583 1504 esset
597 1467 642 1504 P.
657 1466 799 1514 Sextio,
813 1472 879 1504 aut
897 1465 1096 1503 acerbitate
1108 1477 1210 1503 mor-

101 1518 163 1565 tis,
184 1526 252 1557 aut
275 1519 403 1558 animo
421 1521 462 1558 in
480 1520 770 1571 rempublicam,
794 1517 1094 1570 praeponendus:
1126 1520 1207 1569 qui,

100 1584 189 1609 cum
209 1585 359 1610 causam
378 1572 469 1611 civis
488 1573 709 1620 calamitosi,
733 1585 886 1610 causam
905 1572 1031 1618 amici,
1055 1584 1209 1611 causam

100 1625 197 1662 bene
224 1625 272 1663 de
295 1626 490 1677 republica
513 1626 651 1674 meriti,
683 1639 835 1664 causam
864 1628 1028 1673 senatus,
1056 1637 1207 1663 causam

99 1677 237 1725 Italiae,
253 1691 406 1717 causam
425 1679 654 1731 reipublicae,
675 1686 920 1730 suscepissem
946 1691 1124 1729 cumque,
1140 1692 1208 1716 au-

98 1730 225 1781 spiciis
243 1731 490 1784 religionique
507 1745 658 1784 parens,
685 1732 940 1781 obnuntiaret,
961 1732 1064 1782 quod
1082 1744 1207 1769 sense-

97 1790 185 1830 rat;
214 1785 312 1832 luce,
331 1785 474 1836 palam,
490 1799 513 1823 a
531 1785 682 1824 nefariis
699 1785 869 1837 pestibus
886 1785 927 1822 in
946 1784 1118 1822 Deorum
1137 1785 1206 1822 ho-

97 1836 324 1888 minumque
355 1847 557 1889 conspectu
588 1845 682 1877 esset
710 1839 865 1885 occisus,
898 1837 1130 1876 sanctissimo
1165 1838 1206 1874 in

97 1891 255 1941 templo,
285 1891 520 1930 sanctissima
539 1891 580 1929 in
609 1892 736 1940 causa,
763 1891 996 1930 sanctissimo
1023 1890 1062 1926 in
1082 1891 1205 1940 magi-

98 1949 230 1980 stratu.
260 1943 359 1993 Ejus
377 1944 494 1995 igitur
512 1945 630 1983 vitam
653 1945 857 1996 quisquam
884 1943 1120 1994 spoliandam
1146 1956 1208 1981 or-

97 1996 285 2034 namentis
303 2009 383 2035 esse
400 1997 510 2046 dicet,
534 1999 643 2047 cujus
664 2006 825 2036 mortem
850 1996 1055 2035 ornandam
1080 1997 1205 2034 moni-

97 2056 227 2087 mento
245 2050 473 2100 sempiterno
489 2051 672 2102 putaretis
687 2053 704 2090 ’ἐ

147 2101 350 2142 XXXIX.
380 2103 580 2151 Homines,
606 2105 744 2157 inquit,
774 2103 910 2151 emisti,
940 2102 1108 2154 coegisti,
1134 2116 1202 2153 pa-

91 2152 195 2193 rasti.
235 2155 342 2205 Quid
364 2157 420 2195 uti
442 2156 579 2197 faceret
593 2160 611 2196 Ρ
648 2165 820 2197 senatum
843 2156 1062 2195 obsideret?
1100 2156 1200 2195 cives
