1455 2343
217 105 290 149 174
420 101 534 143 PRO
564 103 735 143 DOMO
764 104 887 145 SUA.
919 103 1023 142 CAP.
1055 105 1118 142 48.

207 210 383 262 gionibus
400 211 614 262 obligavit?
644 212 718 251 Sed
743 212 835 264 quid
855 225 924 263 ego
949 211 1126 250 caeteros?
1155 211 1236 260 Tu,
1257 219 1313 260 tu,

207 265 381 316 inquam,
401 265 523 316 capite
541 267 675 311 velato,
696 267 872 304 concione
890 265 1084 311 advocata,
1104 265 1228 303 foculo
1246 278 1315 316 po-

208 319 293 366 sito,
323 320 423 357 bona
451 319 510 356 tui
539 319 709 367 Gabinii,
740 320 801 357 cui
822 331 938 370 regna
965 319 1094 357 omnia
1115 321 1313 369 Syrorum,

206 372 401 418 Arabum,
423 373 702 423 Persarumque
731 373 906 420 donaras,
937 371 1169 410 consecrasti.
1198 372 1315 419 Quod

207 426 239 464 si
257 432 342 463 turn
372 426 469 463 nihil
490 433 546 464 est
565 434 706 474 actum,
737 426 830 477 quid
848 426 888 463 in
909 426 1005 464 meis
1033 426 1142 463 bonis
1167 426 1229 476 agi
1247 439 1316 476 po-

207 479 281 517 tuit
297 482 313 518 ?
344 479 412 517 Sin
431 486 486 517 est
497 487 637 526 ratum,
652 493 718 518 cur
736 480 800 518 ille
816 493 967 530 gurges,
981 480 1172 517 helluatus
1191 486 1315 517 tecum

206 532 323 570 simul
352 533 567 583 reipublicae
589 534 828 583 sanguinem,
862 533 910 571 ad
933 534 1066 571 coelum
1092 540 1219 570 tamen
1250 545 1318 570 ex-

205 586 346 624 struxit
364 587 495 624 villam
513 586 554 623 in
573 586 794 625 Tusculano
820 586 1022 624 visceribus
1042 586 1161 624 aerarii
1177 600 1189 631 ς
1220 585 1316 623 mihi

206 652 310 678 meas
329 640 470 686 ruinas,
488 652 651 690 quarum
671 653 739 690 ego
758 640 920 678 similem
939 647 1059 677 totam
1072 641 1220 678 Urbem
1240 652 1317 678 esse

205 706 339 744 passus
358 705 434 729 non
454 706 554 739 sum,
576 693 766 744 adspicere
785 706 861 730 non
880 693 1020 731 licuit?

260 746 465 784 XLVIII.
493 746 642 785 Omitto
658 747 879 784 Gabinium.
902 746 1009 793 Quid
1024 748 1041 784 Ρ
1061 747 1237 796 exemplo
1249 753 1316 784 tuo

206 802 307 838 bona
325 807 392 837 tua
421 811 545 837 nonne
568 800 614 837 L.
636 800 870 845 Mummius,
891 801 948 837 vir
967 799 1138 837 omnium
1159 799 1317 837 fortissi-

206 866 293 890 mus
319 860 433 904 atque
459 854 640 904 optimus,
669 853 922 891 consecravit?
951 853 1068 900 Quod
1087 853 1131 900 si,
1159 853 1250 903 quia
1268 854 1317 891 ad

206 914 243 944 te
261 907 437 957 pertinet,
460 915 586 944 ratum
607 920 685 944 esse
704 919 818 957 negas
837 914 1006 957 oportere
1022 920 1033 951 ;
1065 919 1108 944 ea
1122 907 1211 955 jura
1229 919 1318 944 eon-

206 958 361 998 stituisti
379 960 418 996 in
437 960 617 1010 praeclaro
637 961 832 998 tribunatu
853 968 933 1007 tuo,
957 960 1096 1011 quibus
1114 959 1153 996 in
1174 967 1210 997 te
1229 972 1317 997 con-

207 1014 335 1060 versis,
351 1026 553 1059 recusares,
568 1014 660 1051 alios
679 1014 887 1051 everteres?
917 1014 984 1051 Sin
1003 1013 1074 1051 ista
1092 1013 1317 1051 consecratio

205 1067 376 1117 legitima
406 1074 476 1114 est,
497 1067 591 1118 quid
610 1075 678 1114 est,
707 1068 810 1118 qued
828 1068 1031 1117 profanum
1051 1067 1089 1103 in
1117 1066 1191 1104 tuis
1209 1067 1318 1105 bonis

206 1134 285 1158 esse
303 1121 447 1172 possit?
476 1121 545 1158 An
565 1121 790 1159 consecratio
813 1122 966 1158 nullum
985 1121 1099 1158 habet
1114 1120 1192 1168 jus,
1212 1120 1317 1157 dedi-

207 1174 303 1212 catio
324 1182 378 1211 est
406 1174 580 1224 religiosa
596 1176 612 1212 Ρ
655 1173 763 1220 Quid
782 1187 870 1224 ergo
884 1174 950 1211 illa
969 1180 1035 1211 tua
1054 1180 1138 1210 tum
1153 1175 1317 1211 obtesta-

206 1227 259 1265 tio
278 1227 456 1272 tibicinis,
486 1227 579 1278 quid
602 1227 763 1272 foculus,
785 1228 878 1278 quid
907 1239 1047 1277 preces,
1077 1226 1171 1277 quid
1195 1227 1318 1277 prisca

206 1282 333 1327 verba,
350 1282 550 1318 voluerunt
566 1283 583 1318 Ρ
612 1281 816 1327 Ementiri,
839 1281 982 1327 fallere,
1009 1280 1115 1318 abuti
1141 1279 1313 1318 Deorum

204 1334 480 1371 immortalium
495 1334 654 1371 numine
665 1334 713 1371 ad
724 1334 926 1371 hominum
939 1333 1286 1379 timorem,voluisti
1299 1336 1315 1372 ?

207 1388 312 1425 Nam
333 1388 363 1425 si
384 1395 438 1425 est
462 1387 560 1424 illud
578 1395 718 1433 ratum,
747 1387 874 1429 (mitto
905 1386 1113 1424 Gabinium
1120 1399 1132 1433 )
1152 1394 1220 1424 tua
1248 1387 1316 1425 do-

205 1453 292 1478 mus
311 1448 421 1489 certe,
453 1449 489 1478 et
508 1440 695 1491 quidquid
719 1441 834 1478 habes
859 1440 978 1487 aliud,
999 1449 1054 1478 est
1079 1440 1207 1478 Cereri
1227 1453 1315 1478 con-

205 1502 404 1532 secratum.
435 1494 501 1532 Sin
520 1494 584 1531 ille
607 1494 677 1532 tibi
695 1494 809 1531 ludus
831 1494 919 1540 fuit,
940 1494 1034 1545 quid
1053 1502 1089 1531 te
1110 1494 1314 1544 impurius,

205 1548 273 1599 qui
291 1548 489 1599 religiones
516 1559 647 1586 omnes
675 1547 855 1599 pollue1is
882 1555 949 1585 aut
976 1547 1229 1596 ementiendo,
1250 1556 1316 1586 aut

205 1602 413 1652 stuprando
431 1604 448 1640 ἓ

257 1656 286 1693 J
289 1668 352 1692 am
370 1656 502 1704 fateor,
522 1656 662 1707 inquit,
679 1655 718 1693 in
733 1656 897 1694 Gabinio
908 1668 970 1693 me
983 1655 1172 1693 nefarium
1186 1655 1314 1694 fuisse.

204 1709 361 1760 Quippe
381 1709 496 1756 vides,
522 1722 674 1761 poenam
701 1709 825 1757 illam,
857 1723 880 1747 a
902 1717 940 1748 te
961 1710 1001 1747 in
1026 1709 1146 1747 alium
1164 1709 1316 1746 institu-

205 1772 300 1809 tam,
330 1763 370 1799 in
400 1770 437 1800 te
462 1763 591 1814 ipsum
621 1776 699 1801 esse
724 1776 952 1801 conversam.
983 1763 1071 1810 Sed,
1090 1763 1207 1800 homo
1231 1775 1315 1800 om-

204 1816 314 1853 nium
344 1817 526 1854 scelerum
551 1816 858 1868 flagitiorumque
881 1816 1179 1855 documentum!
1212 1816 1316 1866 quod

204 1870 244 1907 in
261 1869 426 1907 Gabinio
444 1870 585 1918 fateris,
605 1871 714 1919 cujus
732 1870 1011 1921 impudicitiam
1028 1869 1213 1920 pueritiae,
1226 1869 1315 1907 libi-

196 1923 312 1961 ‘dines
345 1923 618 1971 adolescentiae,
657 1923 817 1961 dedecus
854 1931 890 1961 et
923 1930 1127 1975 egestatem
1158 1922 1315 1973 reliquae

206 1977 306 2024 vitae,
337 1977 577 2015 latrocinium
600 1978 827 2023 consulatus,
859 1977 1049 2022 vidimus3
1079 1976 1141 2014 cui
1165 1988 1213 2014 ne
1244 1976 1315 2013 ista

205 2030 361 2082 quidem
380 2030 461 2080 ipsa
479 2031 671 2069 calamitas
695 2031 836 2079 injuria
853 2031 978 2081 potuit
995 2029 1160 2068 accidere
1176 2043 1188 2074 ς
1217 2029 1257 2066 id
1274 2029 1315 2067 in

206 2097 269 2123 me
298 2083 468 2122 infirmas
482 2087 499 2122 Ρ
530 2092 566 2122 et
590 2084 742 2134 gravius
771 2097 849 2122 esse
868 2084 975 2132 dicis,
1000 2083 1103 2134 quod
1122 2096 1200 2121 uno
1225 2082 1315 2121 ado-

205 2139 380 2184 lescente,
411 2151 528 2189 quam
558 2137 661 2189 quod
702 2138 878 2176 concione
911 2138 989 2176 tota
1019 2144 1126 2184 teste,
1163 2136 1314 2176 fecisti?

206 2191 403 2234 Dedicatio
422 2204 616 2244 magnam,
637 2191 776 2243 inquit,
797 2192 910 2232 habet
930 2191 1162 2243 religionem.
