1455 2343
209 92 284 130 166
421 93 535 133 PRO
563 92 735 133 DOMO
764 93 885 134 SUA.
915 93 1019 133 CAP.
1041 95 1105 132 40.

207 199 371 237 salutem
383 200 600 263 reipublicae
611 201 760 249 fecerat,
775 208 812 240 et
830 202 978 240 senatus
993 198 1179 240 sententia
1190 205 1245 237 est
1255 199 1314 236 in-

204 252 394 300 terfectus,
415 262 452 292 et
470 256 552 304 ejus
570 255 706 294 domus
735 268 862 294 eversa
887 262 924 293 et
947 254 1140 306 publicata
1164 260 1242 292 851.
1272 252 1314 289 111

203 307 282 356 qua
295 308 481 357 porticum
500 316 586 360 post
604 309 798 361 aliquanto
816 309 868 356 Q.
885 308 1046 347 Catulus
1064 307 1111 345 de
1122 305 1314 345 manubiis

204 359 404 399 Cimbricis
422 361 520 400 fecit.
551 363 632 401 Ista
651 370 780 400 autem
797 363 863 400 fax
881 375 924 400 ac
942 361 1042 399 furia
1059 360 1205 412 patriae,
1225 371 1314 398 cum

204 413 367 463 Urbem,
395 415 533 453 Pisone
558 423 595 454 et
621 416 786 454 Gabinio
809 416 980 464 ducibus,
1009 415 1177 466 cepisset,
1203 425 1314 452 occu-

203 466 342 527 Ρ35581,
363 474 519 517 teneret,
548 482 627 508 uno
653 470 862 521 eodemque
880 477 1048 520 tempore
1066 476 1102 507 et
1120 465 1316 506 clarissimi

203 520 273 558 viri
288 523 428 560 mortui
442 523 678 561 monimenta
691 524 853 571 delebat,
868 530 904 561 et
915 535 1041 561 meam
1053 522 1213 560 domum
1227 531 1315 558 cum

205 573 266 612 M.
287 575 414 614 Flacci
437 576 550 614 domo
572 578 849 637 conjungebat-3
888 583 946 624 ut,
973 589 1049 627 qua
1071 575 1184 626 poena
1209 586 1317 612 sena-

204 633 265 665 tus
284 629 456 667 affecerat
475 643 682 668 eversorem
695 630 868 677 civitatis,
889 630 1020 668 eadem
1038 629 1120 689 iste,
1140 638 1317 679 oppresso

204 689 351 729 senatu,
372 683 534 721 afficeret
552 697 656 731 eum,
685 696 802 735 quem
826 690 951 735 patres
977 682 1175 734 conscripti
1193 687 1317 719 custo-

202 734 291 772 dem
304 736 437 786 patriae
452 736 696 786 judicassent.

256 788 460 827 XXXIX.
490 790 604 830 Hanc
618 804 704 830 vero
722 791 763 828 in
783 790 931 829 Palatio
950 797 1064 841 atque
1081 790 1122 826 in
1140 787 1315 847 pulcher-

202 842 300 879 rimo
326 843 429 881 urbis
451 844 533 881 loco
556 844 745 896 porticum
765 857 843 882 esse
861 843 1072 895 patiemini,
1092 841 1229 880 furoris
1248 840 1315 878 tri-

202 895 358 940 bunicii,
373 897 518 935 sceleris
538 898 757 945 consularis,
775 897 1003 936 crudelitatis
1015 897 1311 946 conjuratorum,

203 949 427 988 calamitatis
446 951 675 1002 reipublicae,
689 952 828 990 doloris
838 951 928 1000 mei,
942 950 1112 989 defixum
1131 948 1316 987 indicium

203 1002 252 1040 ad
265 1004 490 1042 memoriam
500 1005 674 1042 omnium
687 1005 860 1056 gentium
875 1005 1177 1066 sempiternam?
1198 1013 1317 1053 quam

203 1057 392 1107 porticum
406 1060 491 1109 (pro
509 1071 615 1096 amor
618 1072 651 1106 e,
665 1073 781 1110 quem
800 1059 976 1097 habetis
965 1071 1005 1095 111
1023 1057 1315 1108 rempublicam,

203 1117 241 1148 et
260 1123 406 1162 semper
424 1112 625 1159 habuistis)
639 1125 715 1150 non
729 1113 844 1150 modo
858 1111 1064 1160 sententiis,
1078 1110 1158 1156 sed,
1172 1109 1203 1148 si
1221 1121 1318 1160 opus

206 1170 313 1210 esset,
328 1165 504 1203 manibus
515 1166 645 1203 vestris
660 1166 870 1204 disturbare
884 1165 1092 1216 cuperetis;
1113 1163 1187 1201 nisi
1201 1174 1319 1213 quem

204 1216 299 1254 forte
317 1218 420 1256 1111115
439 1219 634 1257 castissimi
649 1219 847 1258 sacerdotis
866 1218 1122 1270 superstitiosa
1134 1215 1320 1255 dedicatio

205 1269 378 1309 deterret.

257 1323 296 1361 O
315 1337 410 1372 rem,
432 1338 549 1376 quam
568 1326 739 1364 homines
763 1326 877 1364 soluti
897 1325 1017 1363 ridere
1033 1337 1111 1363 non
1129 1323 1316 1370 desinant,

205 1376 382 1416 tristiores
401 1386 529 1416 autem
553 1379 632 1417 51118
655 1380 825 1418 maximo
844 1379 969 1417 dolore
990 1379 1120 1416 audire
1138 1389 1214 1415 non
1232 1389 1320 1428 pos-

203 1430 303 1468 sint!
350 1431 562 1470 Publiusne
588 1433 759 1479 Clodius,
785 1433 853 1483 qui
878 1446 925 1470 ex
949 1432 1136 1484 pontificis
1157 1429 1319 1469 maximi

202 1483 318 1522 domo
336 1484 556 1535 religionem
563 1486 727 1547 eripuit,
740 1486 771 1524 is
789 1486 830 1523 in
844 1499 969 1524 meam
989 1485 1152 1524 intulit?
1181 1484 1319 1521 Hunc-

202 1537 277 1575 cin'
303 1549 382 1586 vos,
412 1539 480 1589 qui
506 1539 591 1577 estis
616 1540 799 1578 antistites
819 1539 1121 1578 caerimoniarum
1143 1545 1180 1576 et
1199 1549 1320 1575 sacro-

204 1603 306 1638 rum,
326 1599 518 1630 auctorem
536 1593 682 1631 habetis
702 1600 738 1631 et
752 1593 979 1643 magistrum
993 1593 1156 1644 publicae
1169 1590 1319 1641 religio-

202 1643 284 1683 nis.
275 1647 291 1672 9
322 1644 359 1683 O
380 1645 448 1683 Dii
471 1646 729 1685 immortales!
761 1652 844 1690 (vos
871 1646 973 1684 8111111
998 1647 1080 1684 haec
1103 1644 1234 1683 audire
1252 1656 1318 1682 cu-

200 1697 282 1748 pio)
303 1698 350 1735 P.
370 1698 527 1738 Clodius
552 1708 674 1738 vestra
693 1713 796 1738 sacra
814 1700 948 1738 curat?
982 1706 1151 1738 vestrum
1169 1709 1315 1735 numen

201 1750 358 1790 horret?
386 1765 444 1790 res
456 1765 585 1792 omnes
604 1754 791 1792 humanas
806 1754 986 1804 religione
1001 1752 1124 1791 vestra
1135 1750 1318 1790 contineri

200 1807 345 1855 putat?
387 1805 465 1844 Hic
492 1819 569 1844 non
587 1807 716 1844 illudit
740 1807 952 1845 auctoritati
969 1807 1108 1844 horum
1126 1804 1315 1850 omnium,

201 1858 270 1908 qui
288 1858 439 1907 adsunt,
456 1871 696 1897 summorum
717 1860 916 1899 virorum?
943 1872 1019 1898 non
1039 1859 1175 1907 vestra,
1190 1857 1318 1909 ponti-

200 1911 303 1959 fices,
322 1912 506 1962 gravitate
525 1913 725 1952 abutitur?
755 1913 819 1951 Ex
838 1914 910 1952 isto
928 1926 1005 1961 ore,
1025 1912 1215 1963 religionis
1234 1923 1316 1949 ver-

200 1965 296 2002 bum
315 1965 484 2004 excidere
503 1973 568 2004 aut
587 1967 685 2005 elabi
702 1969 857 2018 potest?
886 1980 1004 2018 quam
1022 1974 1065 2004 tu
1084 1965 1217 2004 eodem
1235 1976 1313 2012 ore,

200 2018 412 2057 accusando
437 2026 624 2068 senatum,
645 2021 749 2081 quod
771 2034 896 2059 severe
919 2020 966 2058 de
988 2019 1169 2070 religione
1187 2017 1314 2057 decer-

199 2079 318 2119 neret,
338 2071 593 2123 impurissime
611 2074 876 2126 teterrimeque
893 2073 1053 2112 violasti.

253 2125 345 2163 XL.
372 2126 585 2178 Adspicite,
598 2126 792 2178 adspicite,
811 2127 1020 2179 pontifices,
1038 2125 1234 2164 hominem
1251 2137 1311 2163 re·

197 2177 391 2230 ligiosum,
411 2187 462 2230 et,
475 2181 507 2220 si
522 2181 626 2221 vobis
638 2181 799 2230 videtur,
814 2181 935 2233 (quod
949 2187 1005 2219 est
1016 2182 1202 2219 bonorum
1213 2190 1310 2230 pon-
