1455 2343
185 81 262 119 248
416 77 530 117 PRO
559 45 828 116 PLANCIO.
860 76 965 116 CAP.
981 78 1048 116 31.

247 185 359 225 Nihil
377 192 506 224 autem
520 197 583 223 me
597 185 698 232 novi,
713 184 811 223 nihil
829 184 1008 236 temporis
1025 185 1154 233 causa,
1167 185 1307 235 dicere,

195 253 321 280 nonne
339 239 454 278 etiam
471 239 539 277 illa
552 239 654 277 testis
673 246 727 277 est
744 238 877 287 oratio,
897 251 984 290 quae
997 246 1052 277 est
1065 252 1088 277 a
1099 252 1162 278 me
1180 240 1308 290 prima

196 294 327 333 habita
344 293 385 332 in
404 295 567 332 senatu?
596 292 636 330 in
658 292 736 344 qua
754 305 842 331 cum
863 292 1061 343 perpaucis
1081 293 1308 332 nominatim

197 348 356 399 egissem
380 347 534 398 gratias,
555 346 658 397 quod
682 358 813 384 omnes
835 346 1049 384 enumerari
1067 346 1175 384 nullo
1192 347 1307 386 modo

196 408 363 462 possent,
383 401 502 439 scelus
517 407 645 438 autem
657 406 752 438 esset
769 412 1003 460 quemquam
1021 400 1218 451 praeteriri,
1235 408 1311 440 sta-

196 455 431 506 tuissemque
453 467 514 492 eos
537 453 662 491 solum
691 454 900 501 nominare,
930 452 999 504 qui
1024 466 1147 491 causae
1173 462 1312 493 nostrae

196 509 314 548 duces
333 515 370 546 et
388 508 498 559 quasi
515 507 684 557 signiferi
702 507 884 552 fuissent3
913 506 954 543 in
971 507 1031 546 his
1050 507 1207 546 Plancio
1225 520 1313 568 gra-

199 563 271 602 tias
290 561 361 613 egi.
391 561 586 599 Recitetur
604 560 737 607 oratio,
757 573 857 611 quae,
876 567 1030 624 propter
1047 560 1101 598 rei
1118 561 1317 612 magnitu-

199 616 344 678 dinem,
365 615 465 653 dicta
482 614 529 652 de
547 614 684 665 scripto
703 620 781 652 est.
810 614 851 651 in
866 626 943 664 qua
956 626 1025 664 ego
1038 614 1154 652 homo
1168 622 1315 654 astutus

200 670 236 709 ei
253 682 316 708 me
334 668 533 730 dedebam,
546 667 607 706 eui
626 667 722 705 nihil
740 680 970 718 magnopere
979 667 1170 716 deberem,
1187 675 1224 706 et
1240 668 1315 707 hu-

197 725 263 774 jus
289 722 386 761 tanti
413 721 526 760 officii
552 721 772 759 servitutem
798 721 1079 772 adstringebam
1101 721 1316 761 testimonio

201 777 442 828 sempiterno.
483 775 588 814 Nolo
615 782 761 823 caetera,
781 788 868 826 quae
895 788 918 813 a
941 788 1004 813 me
1028 774 1209 814 mandata
1227 783 1317 814 sunt

201 831 334 879 literis,
353 829 532 868 recitare:
566 829 827 880 praetermitto,
850 840 898 867 ne
916 836 983 866 aut
1003 828 1170 880 proferre
1188 829 1317 868 videar

201 885 253 924 ad
278 891 444 935 tempus,
464 890 532 921 aut
556 896 600 921 eo
624 895 760 934 genere
780 883 838 920 uti
861 882 1070 928 literarum,
1091 882 1195 933 quod
1218 883 1316 922 meis

202 938 338 977 studiis
358 937 498 989 aptius,
525 949 644 989 quam
676 936 939 975 consuetudini
961 935 1208 986 judiciorum,
1237 949 1318 976 esse

205 992 391 1031 videatur.

248 1045 411 1085 XXXI.
425 1045 680 1096 Atqueetiam
688 1043 872 1092 clamitas,
882 1043 1318 1092 Laterens1s“Quous-

203 1113 281 1152 que
293 1099 366 1138 ista
375 1099 491 1138 dicis.
482 1101 499 1127 ⁹
519 1098 639 1136 nihil
629 1111 670 1136 111
683 1098 812 1149 Cispio
823 1097 1036 1150 profecisti·
1053 1098 1252 1137 obsoletae
1237 1111 1319 1148 ι111111

204 1161 295 1193 sunt
304 1166 432 1205 preces
445 1153 563 1191 tuae''
592 1152 655 1190 De
670 1152 799 1203 Cispio
810 1151 955 1190 mihine
966 1159 1009 1190 tu
1021 1152 1188 1202 objicies,
1203 1164 1319 1204 quern

204 1220 290 1259 ego,
305 1207 354 1246 de
371 1220 434 1245 me
451 1208 547 1245 bene
565 1206 746 1244 meritum
765 1206 869 1267 quia,
882 1213 919 1244 te
933 1213 1040 1254 teste,
1055 1218 1319 1257 cognoveram,

205 1268 244 1300 te
261 1261 396 1300 eodem
413 1267 563 1299 auctore
574 1259 725 1298 defendi
735 1259 753 1296 P
783 1267 820 1297 et
834 1260 868 1298 ei
886 1259 1000 1307 dices,
1018 1262 1046 1282 “
1063 1259 1319 1311 Quousque,”

205 1327 324 1366 quem
342 1327 472 1366 negas,
497 1313 599 1365 quod
617 1326 686 1364 pro
705 1312 834 1364 Cispio
853 1313 1097 1361 contenderit,
1116 1313 1320 1364 impetrare

205 1368 372 1420 potuisse
390 1370 407 1406 ?
437 1368 544 1405 Nam
561 1367 670 1405 istius
689 1367 807 1413 verbi,
829 1368 857 1389 “
878 1366 1132 1418 Quousque,’'
1151 1367 1233 1404 haec
1251 1379 1320 1417 po-

204 1429 303 1461 terat
328 1433 406 1460 esse
435 1421 601 1459 invidia:
641 1420 767 1458 Datus
792 1427 847 1457 est
870 1420 941 1457 tibi
962 1420 1054 1458 illex
1086 1420 1320 1459 condonatus

205 1475 296 1514 ille:
325 1487 403 1512 non
421 1475 512 1512 facis
531 1474 673 1512 finem:
703 1473 799 1511 ferre
817 1486 893 1511 non
912 1486 1125 1524 possumus.
1162 1474 1215 1512 Ei
1233 1474 1319 1525 qui-

197 1528 308 1576 dem,
329 1529 397 1579 qui
410 1540 479 1579 pro
494 1540 570 1565 uno
587 1527 781 1574 laborarit,
801 1534 838 1565 et
851 1527 980 1578 ipsum
993 1527 1034 1565 id
1047 1540 1124 1567 non
1143 1527 1321 1566 obtinue-

202 1583 268 1631 rit,
287 1582 376 1629 dici,
391 1584 419 1605 “
432 1581 689 1632 Quousque,'’
700 1580 888 1619 irridentis
901 1581 1023 1631 magis
1043 1588 1111 1628 est,
1127 1594 1245 1632 quam
1263 1594 1323 1620 re-

205 1635 472 1688 prehendentis
487 1649 497 1673 :
529 1635 601 1673 nisi
618 1634 714 1673 forte
733 1648 802 1686 ego
820 1647 921 1672 unus
939 1635 994 1672 ita
1010 1648 1073 1674 me
1087 1635 1184 1685 gessi
1201 1635 1242 1672 111
1257 1635 1323 1684 ju-

207 1689 328 1738 diciis,
347 1688 402 1727 ita
420 1696 458 1727 et
475 1701 564 1727 cum
574 1688 634 1726 his
653 1695 690 1726 et
706 1689 804 1727 inter
817 1688 886 1726 hos
900 1688 993 1737 vixi,
1009 1688 1042 1727 is
1059 1689 1100 1726 in
1119 1688 1240 1727 causis
1253 1701 1323 1740 pa-

205 1750 353 1791 tronus,
367 1743 399 1781 is
417 1743 458 1781 in
476 1742 670 1793 republica
683 1741 772 1780 civis
792 1749 829 1780 et
847 1754 933 1780 sum
951 1749 989 1781 et
1007 1755 1154 1793 semper
1171 1742 1243 1788 fui,
1260 1754 1322 1781 so-

207 1797 268 1835 lus
295 1803 340 1834 ut
366 1809 390 1834 a
414 1802 452 1834 te
473 1797 691 1846 constituar,
715 1795 784 1848 qui
800 1796 897 1834 nihil
914 1809 938 1834 a
952 1796 1144 1846 judicibus
1162 1796 1323 1835 debeam

208 1862 383 1901 unquam
400 1849 615 1901 impetrare.

262 1904 318 1942 Et
335 1903 433 1942 mihi
449 1903 701 1955 lacrymulam
721 1903 891 1955 Cispiani
905 1903 1041 1953 judicii
1059 1903 1223 1952 objectas
1239 1918 1249 1941 ε
1271 1903 1324 1942 sic

209 1957 313 1996 enim
331 1957 483 1996 dixisti:
516 1959 544 1979 ‘⁶
565 1957 658 1995 Vidi
676 1970 746 2008 ego
764 1965 872 1996 tuam
889 1957 1185 2008 lacrymulam.'’
1205 1956 1321 2004 Vide,

209 2024 328 2063 quam
345 2024 409 2050 me
424 2010 528 2050 verbi
538 2010 595 2049 tui
609 2012 811 2062 poeniteat:
833 2022 909 2049 non
929 2011 1044 2049 modo
1056 2010 1323 2062 lacrymulam,

210 2065 275 2103 sed
291 2065 433 2103 multas
450 2065 650 2116 lacrymas,
675 2073 712 2103 et
729 2065 863 2103 fletum
882 2077 972 2103 cum
992 2064 1177 2115 singultu,
1197 2063 1325 2102 videre

207 2119 376 2169 potuisti.
404 2121 472 2157 An
487 2131 570 2169 ego,
587 2118 654 2170 qui
667 2121 858 2161 (meorum
869 2118 1060 2169 lacrymis,
1073 2131 1137 2156 me
1155 2119 1323 2164 absente,

205 2180 435 2221 commotus)
453 2172 680 2222 simultates,
711 2185 807 2223 quas
832 2185 983 2211 mecum
1001 2172 1179 2221 habebat,
1207 2170 1326 2222 depo-
