1425 2334
350 118 462 155 PRO
492 116 716 155 SEXTIO.
747 119 850 155 CAP.
873 119 936 155 48.
1119 117 1197 155 305

87 226 181 263 dum
201 225 321 262 otium
341 225 474 261 volunt
499 222 612 261 etiam
633 225 713 261 sine
731 224 914 275 dignitate
934 224 1105 271 retinere,
1126 225 1198 276 ipsi

89 288 294 328 utrumque
311 277 499 314 amittant.
529 277 834 328 Propugnatores
844 284 972 315 autem
984 278 1201 329 reipublicae

87 332 155 383 qui
179 344 257 369 esse
281 331 495 377 voluerunt,
523 330 554 368 si
583 331 739 368 leviores
762 338 865 377 sunt,
895 330 1128 376 desciscunt;
1169 333 1200 370 si

90 384 311 432 timidiores,
331 383 469 422 desunt
481 399 492 421 :
522 391 746 434 permanent
765 384 820 421 illi
840 383 922 430 soli,
944 392 1056 435 atque
1071 385 1200 423 omnia

86 438 303 489 reipublicae
321 437 434 475 causa
452 438 658 488 perferunt,
673 438 740 488 qui
759 445 847 475 sunt
867 438 972 484 tales,
989 438 1112 488 qualis
1131 452 1199 489 pa-

87 499 143 529 ter
161 499 264 537 tuus,
288 490 349 529 M.
370 492 522 537 Scaure,
547 491 636 538 fuit,
660 491 741 542 qui,
766 505 789 529 a
808 491 979 529 Graccho
1004 504 1124 542 usque
1150 492 1198 530 ad

85 545 138 592 Q.
159 544 338 590 Varium,
365 544 545 582 seditiosis
571 544 748 582 omnibus
768 545 929 588 restitit,
918 558 928 567 ·
959 557 1075 595 quem
1094 546 1202 584 nulla

85 610 259 650 unquam
288 598 360 645 vis,
391 598 508 635 nuuae
536 597 664 646 minae,
695 598 802 636 nulla
831 573 972 635 invidia
996 598 1196 644 labefecit,

87 659 155 690 aut
183 651 306 702 qualis
336 652 387 698 Q.
413 651 609 699 Metellus,
625 658 799 712 ‘patruus
823 651 954 689 matris
983 659 1086 696 tuae;
1117 652 1199 703 qui,

87 718 177 743 cum
195 705 390 743 florentem
410 704 633 742 hominem
622 717 663 742 1n
682 705 857 756 populari
875 705 1036 766 tratione,
1063 680 1111 742 L.
1131 706 1202 743 Sa-

87 758 301 805 turninum,
322 770 451 796 censor
469 758 660 803 notassct;
689 771 855 810 cumque
872 758 1067 796 insitivum
1081 758 1200 796 Grac-

87 812 217 860 chum,
233 818 362 850 contra
376 811 454 849 vim
473 812 728 849 multitudinis
748 812 923 860 incitatae,
941 824 1053 850 censu
1072 812 1201 863 prohi-

88 865 254 910 buisset;
285 877 450 916 cumque
466 865 507 902 in
526 878 610 903 eam
634 865 772 915 legem,
799 878 916 916 quam
943 877 1019 902 non
1037 866 1123 914 jure
1141 878 1204 903 ro-

88 925 217 969 gatam
239 918 440 968 judicarat,
467 920 595 968 jurare
618 931 720 956 unus
744 919 949 964 noluisset,
939 931 949 941 ·
979 918 1026 956 de
1052 918 1201 956 civitate

87 972 238 1016 maluit,
260 984 377 1023 quam
396 971 443 1010 de
462 972 659 1033 sententia,
679 971 893 1010 demoveri.
915 979 982 1010 aut
1001 974 1062 1015 (ut
1076 978 1202 1009 vetera

88 1025 278 1076 exempla,
298 1038 463 1076 quorum
483 1032 538 1063 est
557 1026 664 1076 copia
682 1025 797 1076 digna
814 1026 959 1075 hujus
949 1024 1098 1086 imperii
1117 1025 1200 1075 glo-

88 1079 158 1126 ria,
178 1079 408 1127 relinquam,
427 1091 521 1116 neve
539 1091 670 1117 eorum
683 1079 863 1130 aliquem,
878 1079 945 1130 qui
963 1078 1110 1125 vivunt,
1130 1090 1200 1116 no-

88 1132 250 1179 minem)
269 1132 392 1183 qualis
411 1144 533 1184 nuper
558 1133 609 1180 Q.
631 1132 791 1171 Catulus
809 1131 908 1178 fuit3
938 1145 1053 1183 quem
1076 1143 1201 1183 neque

87 1186 245 1237 periculi
271 1193 488 1236 tempestas,
515 1198 638 1236 neque
665 1185 818 1223 honoris
843 1198 949 1233 aura,
978 1185 1104 1236 potuit
1127 1197 1201 1223 un-

85 1253 204 1291 quam
224 1239 271 1277 de
290 1251 358 1277 suo
375 1251 501 1286 cursu,
521 1247 587 1276 aut
606 1252 672 1290 spe
690 1246 757 1277 aut
770 1246 889 1286 metu,
909 1239 1120 1277 demovere.

141 1292 345 1331 XLVIII.
366 1292 463 1330 Haec
481 1292 699 1341 imitamini,
713 1295 796 1344 (per
808 1293 911 1330 Deos
923 1291 1155 1330 immortales
1167 1292 1197 1339 !)

88 1347 157 1398 qui
181 1345 419 1397 dignitatem,
447 1346 516 1397 qui
540 1346 709 1393 laudem,
733 1346 801 1397 qui
825 1345 986 1396 gloriam
1015 1344 1196 1396 quaeritis.

89 1399 187 1438 Haec
204 1400 333 1451 ampla
351 1407 452 1447 sunt,
472 1399 553 1437 haec
572 1399 713 1446 divina,
736 1399 817 1437 haec
835 1399 1089 1437 immortalia:
1119 1398 1201 1438 haec

87 1451 191 1492 fama
208 1452 457 1499 celebrantur,
477 1453 721 1490 monimentis
738 1453 935 1490 annalium
953 1452 1199 1500 mandantur,

86 1506 295 1559 posteritati
312 1513 582 1557 propagantur.
610 1507 683 1544 Est
701 1506 807 1544 labor
823 1520 836 1551 ς
859 1518 935 1544 11011
955 1518 1077 1557 nego:
1099 1506 1198 1556 peri-

86 1560 173 1598 cula
189 1571 355 1610 magna3
384 1559 513 1597 fateor.
553 1562 581 1582 “
602 1559 743 1597 Multae
764 1559 912 1597 insidiae
935 1566 1024 1597 sunt
1045 1559 1198 1605 bonis,”

87 1613 277 1652 verissime
295 1613 439 1651 dictum
459 1619 525 1651 est.
556 1614 585 1635 “
605 1612 694 1661 Sed,
714 1620 751 1651 te
768 1612 821 1660 id,
842 1612 946 1664 quod
962 1612 1077 1650 multi
1101 1611 1198 1650 invi-

85 1668 216 1714 deant,
230 1666 420 1717 multique
434 1672 628 1718 expetant,
643 1665 791 1704 inscitia
803 1667 894 1714 sit,''
914 1666 1053 1717 inquit,
1068 1667 1095 1687 ‘⁶
1108 1678 1196 1716 pos-

85 1721 222 1767 tulare,
243 1720 275 1757 si
292 1727 335 1757 tu
352 1720 521 1758 laborem
547 1720 700 1758 summa
724 1732 812 1758 cum
836 1719 926 1758 cura
952 1720 1082 1757 efferas
1108 1719 1196 1756 nul·

88 1775 183 1812 lum.
187 1774 212 1792 ”
242 1772 353 1811 Idem
371 1773 445 1810 alio
462 1774 544 1811 loeo
561 1773 672 1821 dixit,
689 1773 793 1824 quod
811 1773 1025 1824 exciperent
1035 1771 1199 1823 improbi

89 1828 201 1875 cives,
223 1828 251 1849 “
271 1826 448 1873 Oderint,
464 1826 557 1864 dum
575 1833 761 1865 metuant.
766 1827 792 1844 ’'

143 1880 331 1918 Praeclara
362 1879 464 1918 enim
492 1879 559 1917 ina
583 1887 770 1932 praecepta
801 1879 954 1918 dederat
979 1876 1195 1928 juventuti:

89 1934 156 1974 sed
173 1940 300 1972 tamen
318 1932 400 1971 haec
417 1932 492 1981 via,
511 1933 592 1971 haec
609 1933 704 1972 ratio
719 1933 933 1985 reipublicae
947 1931 1196 1982 capessendae,

87 1989 178 2028 olim
198 1993 277 2026 erat
293 1986 415 2036 magis
432 1986 739 2037 pertimescenda,
756 2000 858 2034 cum,
874 1985 1030 2023 multis‘
1019 1996 1058 2022 1n
1070 1986 1197 2032 rebus,

88 2039 345 2080 multitudinis
362 2039 531 2077 studium
550 2039 598 2077 ad
616 2041 749 2092 populi
764 2039 1007 2078 commodum
1025 2039 1074 2075 ab
1092 2037 1197 2075 utili-

89 2102 166 2134 tate
196 2093 414 2145 reipublicae
440 2093 685 2144 discrepabat.
727 2093 947 2132 Tabellaria
971 2092 1035 2129 lex
1066 2092 1114 2128 ab
1144 2090 1194 2129 L.

89 2148 220 2187 Cassio
249 2147 450 2185 ferebatur.
498 2147 670 2208 Populus
701 2147 912 2186 libertatem
942 2145 1005 2197 agi
1036 2145 1195 2196 putabat

89 2214 222 2240 suam:
252 2200 518 2241 dissentiebant
536 2201 742 2253 principcs3
770 2207 834 2290 et,2
839 2211 878 2236 m
897 2199 1017 2289 {alate
1035 2197 1198 2249 optima-

852 2263 880 2290 D
