1425 2334
216 101 330 143 PRO
358 101 584 142 ARCHIA
612 101 817 143 POETA.
845 102 951 143 CAP.
972 103 1011 142 6.
1112 101 1166 141 83

64 209 237 256 rioribus,
253 221 341 248 cum
360 208 491 248 eodem
506 216 690 260 quaestore
706 208 821 248 fuisse
834 209 874 247 in
882 209 979 247 Asia
992 221 1004 254 3
1024 207 1172 260 primis,

64 263 93 301 J
96 263 173 300 ulio
191 270 228 301 et
247 262 395 309 Crasso,
419 263 566 300 nullam
594 263 726 314 populi
747 271 893 313 partem
912 275 989 300 esse
1008 274 1170 300 censam.

65 316 153 363 Sed,
181 316 362 367 quoniam
381 327 514 354 census
533 328 607 353 non
628 317 692 364 jus
720 315 878 354 civitatis
898 316 1107 376 confirmat,
1128 327 1173 352 ac

65 369 329 407 tantummodo
349 368 503 416 indicat,
524 381 627 415 eum,
648 369 715 420 qui
734 369 781 407 sit
799 381 945 414 censuS,
966 368 1018 406 ita
1036 381 1074 406 se
1090 369 1171 428 jam

66 429 153 459 tum
171 434 324 472 gmsse
341 434 410 473 pro
428 422 533 465 cive;
558 421 603 459 iis
625 422 868 472 temporibus,
893 420 1019 472 [quae]
1040 427 1080 458 tu
1100 420 1173 458 cri-

65 475 234 523 minaris,
254 487 302 513 ne
319 475 438 526 ipsius
457 474 611 525 quidem
627 475 769 524 judicio
784 488 871 513 eum
883 474 923 512 in
938 474 1078 512 civium
1091 473 1173 511 Ro-

67 540 267 566 manorum
293 529 379 577 jure
401 541 478 566 esse
499 535 703 575 versatum,
730 536 767 566 et
789 534 1055 566 testamentum
1074 539 1173 578 saepe

65 581 153 619 fecit
171 581 305 619 nostris
323 580 484 632 legibus,
504 589 541 619 et
563 581 655 619 adiit
679 581 914 620 haereditates
932 580 1072 618 civium
1091 580 1173 618 Ro-

65 646 281 682 manorum,
308 641 345 672 et
366 635 406 672 in
433 634 623 673 beneficiis
646 635 695 673 ad
720 634 892 673 aerarium
913 634 1058 672 delatus
1078 640 1134 671 est
1150 645 1174 670 a

70 687 118 725 L.
140 687 305 726 Lucullo
322 695 481 738 praetore
502 695 539 725 et
557 689 719 726 consule.

120 741 183 779 VI
186 768 196 778 .
210 741 349 788 Quaere
357 750 592 791 argumenta,
604 742 635 778 si
644 747 830 792 quapotes
840 755 849 778 ε
867 752 1065 792 nunquam
1073 739 1175 778 enim

68 793 144 840 hic,
160 806 283 845 neque
302 807 369 832 suo
387 807 510 845 neque
528 794 736 832 amicorum
748 794 905 843 judicio,
926 794 1146 831 revincetur.

121 847 279 894 Quaeres
298 860 321 884 a
338 847 460 894 nobis,
483 847 605 892 Grati,
631 860 697 885 cur
723 855 915 898 tantopere
933 847 1004 884 hoc
1021 845 1176 884 homine

65 899 307 938 delectemur.
337 900 441 946 Quia
459 900 674 950 suppeditat
691 901 811 948 nobis,
828 900 895 938 ubi
910 906 946 937 et
959 900 1109 936 animus
1128 911 1177 937 ex

65 953 135 991 hoc
154 953 290 991 forensi
309 953 465 1003 strepitu
491 953 692 1001 reficiatur,
718 962 754 991 et
772 967 892 1000 aures,
920 953 1085 991 convicio
1112 951 1178 990 de-

69 1005 188 1052 fessae,
209 1006 482 1057 conquiescant.
520 1006 588 1043 An
607 1014 649 1044 tu
673 1006 864 1044 existimas
888 1013 954 1043 aut
978 1012 1177 1056 suppetere

66 1059 176 1097 nobis
195 1072 316 1110 posse,
337 1059 439 1110 quod
451 1059 618 1109 quotidie
633 1060 841 1105 dicamus,
831 1071 871 1096 m
884 1057 986 1097 tanta
998 1059 1176 1096 varietate

67 1125 209 1159 rerum,
230 1112 303 1150 nisi
328 1112 473 1149 animos
491 1120 636 1150 nostros
655 1112 824 1150 doctrina
843 1113 1082 1156 excolamus;
1111 1118 1178 1149 aut

66 1164 163 1202 ferre
181 1165 327 1203 animos
345 1172 490 1202 tantam
502 1177 609 1216 posse
621 1165 910 1211 contentionem,
924 1165 996 1202 nisi
1015 1177 1076 1202 eos
1090 1164 1178 1202 doc-

66 1218 166 1256 trina
195 1218 326 1256 eadem
359 1218 573 1256 relaxemus
588 1221 605 1256 Ρ
643 1218 729 1269 Ego
758 1231 845 1256 vero
875 1217 1006 1265 fateor,
1029 1230 1093 1255 me
1116 1217 1177 1254 his

65 1271 198 1309 studiis
210 1284 286 1309 esse
298 1270 480 1309 deditum.
511 1271 672 1309 Caeteros
684 1271 838 1322 pudeat,
850 1271 880 1309 si
895 1271 962 1323 qui
976 1271 1029 1309 ita
1043 1284 1081 1308 se
1092 1270 1177 1308 lite-

66 1324 116 1361 ris
131 1324 373 1372 abdiderunt,
394 1331 438 1361 ut
456 1325 552 1362 nihil
566 1325 709 1376 possint
723 1338 770 1363 ex
787 1325 846 1362 his
865 1337 989 1375 neque
1007 1324 1055 1362 ad
1074 1335 1179 1361 com-

64 1389 223 1415 munem
241 1378 372 1415 afferre
389 1377 572 1426 fructum,
593 1391 715 1429 neque
733 1378 773 1415 in
792 1378 1012 1428 adspectum
1031 1377 1176 1414 lucem-

65 1443 140 1480 que
157 1430 346 1481 proferre:
375 1443 438 1469 me
456 1439 584 1469 autem
609 1432 703 1482 quid
721 1431 876 1482 pudeat,
897 1431 964 1481 qui
983 1438 1039 1468 tot
1057 1441 1176 1467 annos

65 1483 119 1521 ita
137 1484 236 1531 vivo,
252 1484 411 1534 judices,
435 1492 490 1531 ut,
510 1487 557 1522 ab
577 1485 720 1522 nullius
734 1497 906 1535 unquam
924 1497 987 1522 me
1005 1490 1174 1533 tempore

67 1544 135 1574 aut
152 1537 363 1603 commodo,
384 1544 450 1575 aut
471 1538 589 1576 otium
616 1551 747 1576 meum
766 1537 1001 1584 abstraxerit,
1028 1544 1095 1575 aut
1112 1547 1179 1574 vo-

67 1589 194 1640 luptas
213 1591 390 1638 avocarit,
411 1598 477 1628 aut
495 1591 657 1642 denique
676 1603 830 1629 somnus
851 1590 1082 1628 retardarit?

122 1643 254 1690 Quare
273 1644 358 1695 quis
376 1644 529 1682 tandem
547 1658 610 1682 me
625 1644 884 1696 reprehendat,
899 1653 966 1681 aut
984 1643 1069 1694 quis
1080 1641 1178 1680 mihi

65 1696 152 1745 jure
170 1704 398 1744 succenseat,
424 1698 469 1745 si,
485 1705 672 1749 quantum
687 1697 842 1745 caeteris,
859 1697 907 1735 ad
929 1710 1014 1734 suas
1031 1709 1089 1734 res
1108 1696 1177 1733 ob-

70 1749 226 1797 eundas,
240 1758 426 1801 quantum
446 1751 494 1788 ad
512 1751 624 1789 festos
638 1751 717 1790 dies
730 1750 910 1788 ludorum
922 1748 1177 1795 celebrandos,

72 1809 260 1852 quantum
283 1803 331 1843 ad
360 1804 452 1842 alias
470 1805 694 1854 voluptates,
725 1811 761 1842 et
785 1804 834 1841 ad
857 1804 979 1854 ipsam
1010 1802 1180 1853 requiem

72 1855 190 1892 animi
216 1864 253 1894 et
276 1857 452 1907 corporis,
479 1858 692 1896 conceditur
717 1865 960 1908 temporum3
991 1862 1180 1907 quantum

70 1908 136 1946 alii
154 1908 327 1946 tribuunt
345 1911 574 1961 tempestivis
586 1911 788 1955 conviviis3
813 1918 1001 1961 quantum
1016 1909 1180 1959 denique

71 1961 177 2008 aleae,
197 1969 384 2012 quantum
409 1963 520 2013 pilae;
559 1971 708 2002 tantum
733 1964 829 2002 mihi
856 1969 1003 2014 egomet
1027 1962 1076 2000 ad
1097 1961 1181 1999 haec

72 2014 197 2051 studia
214 2015 409 2053 recolenda
419 2029 586 2055 sumsero
601 2020 618 2056 ‚⁹
645 2018 779 2069 Atque
794 2017 865 2055 hoc
879 2016 971 2054 adeo
985 2015 1081 2053 mihi
1092 2026 1182 2052 con-

72 2067 282 2105 cedendum
301 2075 356 2106 est
373 2069 508 2120 magis,
529 2071 646 2121 quod,
666 2084 714 2109 ex
733 2071 792 2109 his
810 2069 958 2117 studiis,
988 2069 1069 2106 haec
1087 2078 1183 2117 quo-

75 2133 150 2171 que
161 2129 331 2160 censetur
348 2123 467 2162 oratio
485 2130 523 2162 et
540 2123 725 2172 facultas3
755 2137 855 2176 quae,
875 2126 1183 2175 qnantacumque
