1455 2343
200 105 280 141 352
484 106 596 146 PRO
627 106 830 146 COELIO.
863 106 967 146 CAP.
989 109 1025 146 9.

200 212 335 262 (quod,
356 225 444 251 cum
464 214 512 252 ad
540 214 579 252 id
606 215 679 253 loci
698 227 848 263 venero,
877 215 1089 262 ostendam)
1109 215 1207 253 hanc
1237 215 1312 252 Pa-

198 265 358 303 latinam
378 267 574 316 Medeam,
598 269 955 320 migrationemque,
981 268 1070 307 huic
1088 267 1313 307 adolescenti

200 330 367 365 causam,
389 321 465 359 sive
489 323 678 360 malorum
706 323 894 371 omnium,
920 323 997 362 sive
1022 322 1148 373 potius
1173 334 1314 360 sermo-

201 383 311 420 num,
333 373 459 412 fuisse.

267 426 530 491 Quamobrem
562 429 642 476 illa,
675 444 761 482 quae
789 443 836 468 ex
862 436 1121 468 accusatorum
1147 430 1315 468 oratione

201 481 423 532 praemuniri
452 484 533 531 jam
561 491 597 521 et
627 484 679 521 fin
670 484 721 534 gi
749 484 1024 544 intelligebam,
1045 483 1164 521 fretus
1193 482 1317 521 vestra

201 533 396 584 prudenti
383 551 418 583 ι,
443 536 602 585 judices,
630 549 706 574 non
728 537 960 598 pertimesco.
1003 536 1173 574 Aiebant
1199 537 1316 583 enim,

202 586 281 624 fore
300 595 432 626 testem
449 598 671 637 senatorem,
692 591 759 642 qui
778 603 816 628 se
840 589 1040 641 pontificiis
1059 590 1219 628 comitiis
1233 589 1321 640 pul-

203 648 327 678 satum
344 655 366 679 a
386 642 504 680 Coelio
523 643 671 682 diceret.
709 644 749 681 A
776 657 853 704 quo
871 656 1054 695 quanam,
1075 643 1106 682 si
1123 643 1318 704 prodierit,

202 694 387 744 primum,
409 709 475 733 cur
494 697 621 735 statim
641 697 737 735 nihil
757 698 905 748 egerit?
934 696 1083 745 deinde,
1105 698 1137 735 si
1155 697 1196 734 id
1214 695 1322 757 queri

204 761 322 798 quam
341 762 451 799 agere
478 751 669 799 11181118111,
691 764 758 789 0111
782 751 989 802 productus
1008 764 1030 787 a
1050 751 1154 789 vobis
1177 750 1320 802 potius,

204 814 321 851 quam
341 803 421 853 ipse
439 817 507 854 per
526 817 586 842 se.
578 807 594 832 ‘³
624 818 690 842 cur
709 811 814 842 tanto
832 812 918 856 post
939 803 1080 855 potius,
1098 817 1215 856 quam
1235 815 1323 842 con-

204 854 326 903 1111110,
344 857 451 907 queri
466 858 642 896 maluerit
657 861 674 896 ,9
704 859 745 897 Si
764 858 859 896 mihi
878 858 926 895 ad
943 859 1025 895 haec
1044 866 1152 896 acute
1170 864 1321 909 argute-

206 921 281 958 que
300 911 556 960 responderit3
586 919 671 949 tum
695 925 864 973 quaeram
883 911 1059 962 denique,
1081 925 1128 950 ex
1154 925 1230 963 quo
1254 911 1324 948 iste

204 962 309 1000 fonte
323 970 471 1001 senator
485 978 579 1002 ema
572 972 644 1003 181.
676 966 780 1003 Nam
797 966 827 1003 si
841 966 920 1016 ipse
935 965 1075 1003 orietur
1094 972 1130 1003 et
1148 972 1320 1003 nascetur

207 1028 254 1053 ex
274 1029 375 1062 sese;
405 1017 561 1056 fortasse
581 1022 641 1061 (ut
660 1020 775 1066 soleo)
796 1021 1080 1057 commovebor:
1102 1019 1159 1057 sin
1178 1026 1321 1064 autem,

206 1076 251 1107 ut
269 1070 428 1117 rivulus⁷
445 1072 641 1110 arcessitus
661 1081 697 1110 et
711 1073 848 1110 ductus
867 1073 940 1110 ab'
930 1085 1012 1123 mso
1031 1072 1153 1123 capite
1172 1085 1324 1110 accusa-

207 1122 320 1161 tionis
348 1126 704 1173 vestrae31aetab0r,
737 1139 825 1164 cum
855 1127 962 1164 tanta
983 1126 1106 1176 gratia
1135 1126 1326 1177 tantisque

207 1177 343 1227 opibus
380 1179 565 1217 accusatio
602 1193 625 1217 v
628 1188 724 1217 estra
761 1181 918 1228 nitatur,
955 1192 1078 1217 unum
1116 1187 1326 1218 senatorem

208 1230 334 1269 solum
353 1245 445 1280 esse,
466 1232 533 1284 qui
551 1233 658 1271 vobis
676 1233 878 1283 gratificari
896 1233 1022 1281 vellet,
1043 1233 1254 1271 inventum.

264 1285 304 1322 N
307 1298 347 1322 ec
367 1293 494 1324 tamen
513 1287 610 1324 illud
629 1300 748 1337 genus
767 1288 930 1324 alterum
949 1294 1222 1324 nocturnorum
1251 1294 1325 1324 tes-

209 1337 308 1376 tium
327 1339 560 1389 pertimesco.
603 1340 677 1378 Est
695 1341 796 1378 enim
816 1340 962 1378 dictum
980 1342 1028 1377 ab
1047 1340 1135 1387 illis,
1161 1340 1240 1378 fore
1259 1339 1327 1390 qui

210 1391 389 1439 dicerent,
419 1406 555 1431 uxores
583 1407 683 1441 suas,
713 1407 735 1431 a
760 1394 864 1431 coena
882 1393 1094 1440 redeuntes,
1115 1401 1329 1431 attrectatas

212 1458 290 1482 esse
317 1459 340 1482 a
358 1446 487 1484 Coelio.
525 1446 668 1484 Graves
695 1454 805 1484 erunt
823 1447 1009 1493 homines,
1030 1446 1097 1497 qui
1121 1447 1194 1484 hoc
1209 1446 1328 1495 jurati

211 1498 332 1537 dicere
351 1500 679 1545 audebunt3mm1
699 1500 746 1538 sit
764 1500 822 1537 his
835 1499 1105 1545 confitendum,
1126 1512 1328 1560 nunquam

213 1565 265 1613 38,
276 1565 323 1589 118
332 1566 531 1603 congressu
547 1554 703 1604 quidem
715 1560 752 1592 et
763 1553 978 1603 constituto,
992 1553 1143 1606 coepisse
1158 1553 1205 1591 de
1217 1553 1331 1591 tantis

212 1605 361 1655 injuriis
381 1607 553 1657 experiri.

265 1660 342 1697 IX.
363 1661 438 1698 Sed
450 1668 573 1698 totum
585 1674 704 1712 genus
716 1661 1009 1713 oppugnationis
1021 1661 1152 1711 hujus,
1165 1661 1327 1711 judices,

213 1720 249 1751 et
258 1714 339 1762 jam
351 1714 561 1765 prospicitis
573 1715 723 1763 animis,
738 1725 788 1762 et,
799 1729 886 1754 cum
899 1716 1095 1764 inferetur,
1109 1715 1331 1766 propulsare

214 1767 408 1805 debebitis.
439 1769 531 1805 Non
552 1769 654 1806 enim
669 1771 716 1807 ab
728 1769 862 1807 iisdem
878 1776 1075 1808 accusatur
1095 1769 1155 1806 M.
1173 1769 1329 1817 Coelius,

213 1834 237 1858 a
251 1821 390 1872 quibus
415 1830 681 1872 oppugnatur:
714 1823 844 1873 palam
863 1823 902 1860 in
923 1835 1010 1860 eum
1028 1822 1102 1860 tela
1122 1823 1330 1872 jaciuntur,

214 1875 313 1912 clam
329 1876 675 1913 subministrantur.
706 1877 846 1927 Neque
863 1876 903 1914 id
923 1889 992 1926 ego
1006 1876 1103 1923 dico,
1116 1883 1160 1913 ut
1170 1875 1332 1913 invidio-

215 1941 302 1965 sum
321 1928 369 1966 sit
386 1928 426 1965 in
439 1942 513 1973 803,
531 1929 670 1980 quibus
681 1930 888 1979 gloriosum
904 1930 975 1967 hoc
987 1929 1100 1967 etiam
1114 1942 1192 1967 esse
1207 1929 1330 1967 debet.

215 1981 448 2032 Funguntur
459 1982 600 2026 officiog
623 1983 830 2020 defendunt
843 1996 950 2028 suos3
972 1982 1130 2028 faciunt,
1145 1982 1248 2033 quod
1262 1981 1334 2019 viri

215 2035 409 2072 fortissimi
428 2036 573 2073 solent:
603 2036 682 2073 laesi
701 2037 853 2082 dolent;
875 2036 960 2074 irati
973 2036 1204 2080 efferuntur3
1235 2048 1335 2085 pug-

216 2096 310 2126 nant
321 2089 491 2126 lacessiti.
522 2089 597 2128 Sed
612 2097 743 2127 vestrae
755 2088 946 2141 sapientiae
954 2097 1083 2127 tamen
1095 2096 1164 2136 est,
1173 2088 1335 2138 judices,

216 2154 308 2189 non,
336 2142 367 2180 si
386 2155 499 2180 causa
513 2144 617 2192 justa
639 2150 695 2181 est
713 2144 802 2182 viris
821 2143 983 2182 fortibus
1005 2141 1254 2194 oppugnandi
1271 2141 1334 2178 M.

218 2195 396 2245 Coelium,
417 2196 502 2236 ideo
521 2196 625 2236 vobis
645 2209 801 2249 quoque
829 2210 895 2236 vos
920 2209 1074 2236 causam
1099 2202 1234 2248 putare
1261 2207 1341 2233 esse
