1455 2343
502 418 732 457 ORATIO
764 418 950 457 XXXII.

413 650 566 697 PRO
624 651 677 698 P.
738 650 1058 697 SEXTIO.

656 810 803 841 -0-

504 943 947 983 ARGUMENTUM.

173 1052 218 1089 P.
239 1052 447 1089 SEXTIUS
467 1051 643 1090 tribunus
662 1052 783 1102 plebis
806 1052 894 1097 fuit,
924 1052 969 1089 P.
988 1052 1156 1090 Lentulo
1175 1053 1289 1103 Spin-

170 1105 276 1144 there
295 1112 332 1144 et
349 1105 401 1153 Q.
424 1105 586 1144 Metello
605 1105 738 1144 Celere
756 1106 985 1144 consulibus.
1015 1107 1072 1154 Is,
1089 1119 1178 1144 cum
1194 1114 1288 1144 esset

171 1159 364 1198 Ciceronis
383 1166 420 1198 et
438 1159 684 1210 optimatium
712 1160 888 1198 omnium
908 1160 1206 1206 amantissimus,
1234 1168 1290 1198 to-

172 1219 257 1251 tum
269 1213 507 1251 tribunatum
520 1226 634 1251 suum
647 1221 683 1251 et
697 1214 746 1252 ad
762 1214 982 1252 Ciceronem
998 1214 1289 1255 restituendum,

174 1274 211 1304 et
229 1266 279 1305 ad
297 1267 523 1318 perniciosas
548 1268 649 1318 leges
674 1268 951 1319 impediendas,
979 1268 1149 1306 contulit.
1191 1269 1292 1314 Quae

173 1334 245 1369 res,
267 1334 405 1372 parum
424 1321 561 1369 abfuit,
583 1321 677 1372 quin
697 1322 732 1359 ei
746 1335 816 1360 5111
807 1334 939 1359 11113111
958 1321 1161 1372 perniciem
1181 1320 1292 1358 affer-

172 1381 240 1413 ret.
270 1374 393 1422 Nam,
414 1387 503 1413 cum
515 1375 674 1426 primo,
668 1377 838 1413 senatus-
839 1376 1011 1413 consulto
1023 1375 1069 1413 de
1083 1374 1291 1413 revocando

171 1428 353 1466 Cicerone
364 1428 478 1477 facto,
493 1429 690 1467 Fabricius
702 1429 878 1467 tribunus
889 1429 942 1480 pL
953 1429 1064 1468 VIII
1078 1428 1161 1467 Cal.
1175 1429 1289 1466 Febr.

174 1483 315 1520 Rostra
343 1482 632 1531 conscendisset,
657 1490 701 1520 ut
729 1483 778 1520 ad
807 1483 997 1534 populum
1022 1482 1070 1521 de
1091 1481 1224 1520 eadem
1250 1495 1291 1520 re

173 1535 301 1582 ferret,
320 1548 446 1586 operae
464 1536 660 1575 Clodianae
677 1537 867 1588 impetum
887 1537 927 1574 in
947 1549 1035 1574 eum
1048 1536 1232 1584 fecerunt,
1249 1543 1293 1574 ut

173 1602 265 1628 eum
283 1589 330 1628 de
349 1590 500 1628 Rostris
518 1590 746 1640 dejicerent:
777 1598 829 1637 et,
842 1590 926 1629 orffa
937 1590 1131 1641 utrimque
1144 1590 1292 1650 1111ςοῖ3,

174 1655 316 1694 magna
334 1644 454 1682 caedes
471 1644 573 1682 facta
591 1652 670 1682 est:
701 1643 851 1693 deinde,
871 1656 961 1682 cum
980 1644 1033 1691 Q.
1054 1643 1263 1682 Metellus
1253 1656 1293 1681 1n

174 1697 320 1748 templo
335 1697 504 1736 Castoris
518 1711 607 1736 cum
622 1698 766 1749 populo
780 1705 921 1749 ageret,
935 1705 972 1736 et
983 1698 1109 1759 legem
1115 1697 1292 1749 aliquam

175 1750 225 1789 ad
243 1751 434 1802 populum
451 1751 579 1800 ferret,
601 1752 845 1814 Sextiusque,
861 1764 947 1791 eam
963 1752 1214 1813 perniciosam
1228 1764 1294 1789 ex-

174 1804 364 1853 ist-imam,
383 1804 647 1853 descendisset,
677 1806 787 1857 eique
811 1804 1125 1853 obnuntiavisset,
1155 1805 1295 1844 iterum

175 1857 233 1897 vis
243 1871 267 1897 a
279 1858 474 1898 Clodianis
488 1866 570 1898 orta
584 1867 653 1906 est,
674 1874 752 1911 qua
765 1861 847 1911 ipse
864 1873 973 1911 paene
991 1859 1145 1898 Sextius
1159 1865 1216 1898 est
1229 1858 1295 1897 de-

176 1912 287 1952 letus.
331 1913 487 1951 Harum
507 1927 635 1952 rerum
654 1914 809 1965 culpam
834 1927 924 1952 cum
949 1914 990 1952 in
1009 1913 1187 1952 Sextium
1205 1924 1294 1951 con-

175 1965 274 2004 ferre
291 1966 469 2005 Clodiani
487 1975 681 2018 cuperent,
698 1980 787 2006 eum
805 1968 982 2019 proximo
995 1979 1098 2005 anno
1110 1967 1195 2018 lege
1210 1967 1293 2004 Lu-

178 2019 271 2058 tatiss.
289 2033 398 2058 reum
417 2020 464 2059 de
479 2021 516 2059 vi
534 2021 714 2059 fecerunt.
746 2022 795 2060 In
809 2035 886 2073 quo
898 2021 1065 2073 periculo
1076 2034 1181 2069 cum,
1194 2033 1290 2071 prae-

176 2079 232 2111 ter
250 2074 359 2120 alios,
381 2074 612 2112 Hortensius
631 2083 668 2113 et
683 2075 814 2113 Cicero
829 2075 1105 2122 subvenissent,
1126 2087 1293 2125 eumque

173 2127 408 2166 orationibus
425 2128 693 2177 defendissent,
715 2129 914 2167 absolutus
933 2136 990 2167 est
1004 2128 1181 2178 judicum
1209 2139 1293 2166 sen-

173 2181 311 2221 tentiis.
343 2181 586 2222 Defensionis
607 2190 735 2222 autem
748 2182 1005 2223 Ciceronianae
1023 2183 1104 2223 haec
1116 2190 1172 2222 est
1184 2181 1294 2227 ratio,
