1455 2343
236 94 319 133 203
391 93 467 132 DE
489 92 732 133 HARUSP.
754 92 1021 133 RESPONS.
1042 91 1147 132 CAP.
1169 93 1236 131 22.

235 199 412 249 fasciolis,
432 214 455 239 a
475 200 658 253 strophio,
677 214 701 239 a
717 200 910 252 psalterio,
938 214 961 239 a
979 199 1137 252 flagitio,
1157 213 1181 239 a
1198 206 1344 252 stupro,

234 260 293 292 est
310 254 432 293 factus
444 263 596 306 repente
606 254 811 306 popularis.
840 253 982 304 [Quod
993 255 1044 307 si]
1059 266 1149 292 eum
1167 253 1347 292 mulieres

237 315 466 346 exornatum
484 309 537 347 ita
555 308 911 360 deprehendissent;
940 308 1013 346 nisi
1032 321 1080 346 ex
1099 320 1142 346 eo
1161 306 1256 355 loco,
1269 319 1349 359 quo

235 373 327 399 eum
346 361 448 400 adire
466 362 522 400 fas
541 374 618 400 non
634 370 726 410 erat,
746 362 970 401 ancillarum
989 360 1171 401 beneficio
1189 360 1348 399 emissus

236 422 358 461 esset3
388 416 563 467 populari
590 415 746 454 homine
774 416 940 467 populus
971 416 1186 464 Romanus,
1216 427 1348 465 raepu-

237 468 337 507 blica
355 469 434 508 cive
456 470 537 517 tali,
558 477 710 508 careret.
741 469 855 508 Hanc
877 471 926 507 ob
949 468 1169 516 amentiam,
1200 468 1241 509 in
1270 467 1348 506 dis-

235 522 373 561 cordiis
391 523 540 571 nostris,
560 523 607 561 de
625 523 766 574 quibus
785 522 890 573 ipsis,
914 522 974 560 his
992 521 1173 574 prodigiis
1191 521 1349 566 recenti-

238 577 324 624 bus,
346 590 368 614 a
396 576 483 615 Diis
509 577 787 615 immortalibus
810 576 1074 623 admonemur,
1101 583 1272 627 arreptus
1294 582 1350 613 est

239 642 340 668 unus
360 643 407 669 ex
433 630 612 682 patriciis,
642 630 704 668 cui
734 629 887 669 tribuno
908 629 1030 681 plebis
1051 629 1134 668 fieri
1157 628 1279 681 [non]
1302 628 1350 666 li-

239 690 350 722 ceret.

293 737 412 785 Quod
430 750 530 775 anno
548 744 635 776 ante
652 737 768 777 frater
787 737 985 786 Metellus,
1010 743 1048 777 et
1065 749 1216 776 concors
1233 735 1350 778 etiam

240 797 325 829 tum
348 798 514 840 senatus,
537 791 707 844 principe
736 791 809 831 Cn.
837 791 1022 842 Pompeio
1045 790 1271 830 sententiam
1293 789 1352 828 di-

240 852 361 892 cente,
392 846 616 893 excluserat,
648 845 904 896 acerrimeque
930 845 1010 883 111111
1038 857 1128 883 voce
1155 857 1200 883 ac
1223 851 1352 882 mente

240 898 451 944 restiterat3
481 898 536 947 id,
571 906 656 950 post
684 898 883 937 dissidium
907 897 1167 950 optimatium,
1199 897 1248 936 de
1275 910 1354 949 quo

241 951 324 1003 ipso
353 965 456 991 nunc
484 965 700 1001 monemur,
725 953 778 991 ita
804 954 1069 1004 perturbatum
1093 951 1241 1003 ita-que
1267 964 1354 1003 per-

240 1013 436 1044 mutatum
459 1014 527 1054 est,
547 1013 605 1054 ut,
632 1006 749 1058 quod,
775 1006 891 1045 frater
915 1006 1061 1054 consul,
1081 1018 1130 1044 ne
1147 1006 1266 1052 fieret,
1285 1006 1354 1044 ob-

242 1059 403 1109 stiterat,
424 1060 528 1112 quod
555 1060 677 1099 affinis
703 1067 740 1099 et
765 1060 915 1108 sodalis,
941 1060 999 1098 vir
1023 1059 1266 1107 clarissimus,
1286 1058 1355 1111 qui

241 1113 357 1152 inum
381 1127 490 1153 reum
519 1126 597 1152 non
625 1114 815 1162 laudarat,
842 1114 1077 1159 excluserat;
1106 1113 1179 1151 id·
1168 1125 1201 1151 18
1223 1111 1355 1151 consul

241 1167 433 1206 efficeret
423 1180 463 1206 m
483 1167 675 1207 discordiis
693 1168 925 1219 principum,
945 1167 1013 1219 qui
1031 1167 1090 1205 1111
1106 1179 1207 1206 1111118
1225 1166 1355 1204 11111111-

242 1221 416 1260 cissimus
435 1235 513 1260 esse
532 1222 738 1268 debuerat3
769 1229 807 1260 et
821 1235 864 1260 eo
881 1221 1011 1260 fecisse
1029 1228 1180 1259 auctore
1198 1232 1238 1258 se
1256 1219 1356 1259 dice-

243 1282 315 1323 ret,
337 1276 445 1325 cujus
463 1275 694 1314 auctoritatis
712 1275 905 1314 neminem
923 1281 1048 1326 posset
1065 1274 1255 1325 poenitere.
1285 1274 1356 1312 In-

241 1328 343 1378 jecta
362 1336 416 1366 est
434 1328 500 1367 fax
518 1328 618 1367 foeda
643 1342 686 1368 ac
709 1329 882 1367 luctuosa
899 1328 1127 1379 reipublicae.
1157 1327 1284 1366 Petita
1301 1334 1358 1365 est

243 1382 448 1421 auctoritas
467 1390 613 1421 vestra:
644 1382 808 1433 gravitas
823 1381 1144 1434 amplissimorum
1162 1380 1357 1428 ordinum,

245 1436 442 1474 consensio
462 1437 647 1474 bonorum
672 1437 863 1483 omnium,
884 1443 986 1474 totus
1005 1435 1169 1486 denique
1197 1435 1359 1473 civitatis

246 1495 380 1527 status.
423 1489 519 1528 Haec
550 1490 653 1528 enim
693 1497 792 1528 certe
819 1491 1059 1541 petebantur,
1088 1501 1179 1527 cum
1210 1488 1253 1526 in
1280 1500 1358 1537 me,

246 1542 483 1594 cognitorem
499 1542 638 1581 harum
657 1543 833 1581 omnium
852 1556 996 1590 rerum,
1015 1542 1083 1581 ina
1100 1541 1258 1580 flamma
1274 1541 1362 1580 ino-

246 1608 337 1634 111111
355 1604 575 1657 temporum
596 1597 875 1647 conjiciebatur.
904 1596 1066 1647 Excepi,
1093 1602 1131 1636 et
1151 1608 1220 1647 pro
1237 1595 1362 1647 patria

247 1649 351 1688 solus
370 1650 517 1695 exarsi;
548 1650 600 1690 sic
618 1657 762 1697 tamen,
786 1658 831 1688 ut
855 1663 934 1698 vos,
961 1649 1097 1688 iisdem
1120 1648 1273 1701 ignibus
1290 1649 1363 1687 cir-

249 1703 451 1754 cumsepti,
471 1716 534 1743 me
547 1704 717 1756 primum
742 1704 862 1746 ictum
879 1716 950 1757 pro
967 1703 1074 1745 vobis
1092 1710 1130 1742 et
1147 1703 1361 1743 fumantem

253 1756 440 1798 videretis.

305 1810 451 1849 XXII.
472 1811 565 1849 Non
576 1810 804 1852 sedabantur
815 1811 1036 1853 discordiae:
1057 1809 1123 1854 sed
1137 1810 1252 1851 etiam
1264 1822 1363 1850 cres-

250 1865 360 1903 cebat
390 1863 431 1904 in
457 1877 519 1903 eos
538 1864 685 1912 odium,
712 1878 736 1902 a
760 1865 901 1916 quibus
930 1877 999 1906 nos
1023 1863 1176 1906 defendi
1200 1866 1363 1916 putaba,

251 1930 352 1956 mur.
387 1917 500 1966 Ecce,
533 1918 667 1956 iisdem
697 1918 927 1967 auctoribus,
961 1917 1148 1969 Pompeio
1177 1917 1362 1969 principe,

250 1971 322 2022 qui
339 1971 555 2023 cupientem
576 1971 744 2019 Italiam,
765 1972 955 2023 populum
973 1972 1199 2013 Romanum
1216 1970 1362 2011 deside-

251 2032 414 2085 rantem,
435 2024 647 2076 flagitantes
671 2038 751 2072 vos,
772 2037 849 2063 non
878 2024 1100 2069 auctoritate
1123 2025 1194 2063 sua
1222 2025 1363 2073 solum,

251 2078 320 2116 sed
338 2078 454 2122 etiam
470 2078 659 2129 precibus,
690 2078 739 2122 ad
757 2090 884 2119 meam
901 2078 1064 2121 salutem
1083 2077 1275 2129 excitavit,
1306 2090 1366 2117 re-

253 2131 378 2170 stituti
402 2145 546 2171 sumus.
575 2132 634 2171 Sit
662 2131 935 2174 discordiarum
963 2131 1051 2169 finis
1079 2131 1312 2184 aliquandoz
1341 2144 1366 2169 a

253 2184 445 2225 diuturnis
474 2184 768 2225 dissensionibus
801 2184 1124 2237 conquiescamus.
1153 2185 1245 2225 Non
1278 2184 1367 2224 sinit
