1425 2334
232 110 309 150 DE
339 107 580 150 HARUSP.
609 107 874 149 RESPONS.
904 107 1008 147 CAP.
1031 108 1092 146 14.
1131 107 1206 147 201

118 217 259 257 simum
271 217 361 256 huic
378 215 550 267 imperio,
563 222 678 267 atque
695 214 999 254 amantissimum
1017 214 1134 252 nostri
1152 225 1222 252 no-

114 271 252 315 minin
287 269 500 321 Brogitaro,
533 277 577 307 ut
602 277 689 307 ante
717 268 812 315 dixi,
839 268 1030 306 addictum
1056 266 1219 318 pecunia

112 323 310 362 tradidisti.
339 324 470 374 Atque
486 323 589 361 hunc
606 329 732 360 tamen
752 321 989 368 Deiotarum,
1006 334 1102 371 saepe
1121 334 1144 358 a
1163 333 1220 358 se-

114 384 207 415 natu
218 377 335 427 regali
353 375 505 414 nomine
522 376 682 426 dignum
701 374 973 422 existimatum,
994 374 1217 412 clarissimo-

116 443 203 468 rum
229 430 499 481 imperatorum
518 428 739 467 testimoniis
757 436 947 474 ornatum,
967 434 1010 464 tu
1029 427 1143 464 etiam
1162 439 1221 464 re-

116 495 204 534 gem
222 483 403 535 appellari
417 495 505 521 cum
522 482 722 533 Brogitaro
733 483 854 530 jubes.
886 480 960 519 Sed
973 480 1065 518 alter
1080 487 1135 518 est
1152 492 1220 518 rex

112 536 256 586 judicio
282 539 429 575 senatus
450 548 519 587 per
544 548 625 583 nos,
654 533 813 586 pecunia
837 533 1061 584 Brogitarus
1083 546 1150 584 per
1169 540 1220 580 te,

116 590 328 641 appellatus
341 604 352 627 ε
381 589 543 628 alterum
560 590 702 640 putabo
715 601 856 639 regem,
870 588 901 625 si
917 586 1106 632 habuerit,
1120 585 1225 623 unde

116 643 187 681 tibi
211 644 343 691 solvat,
363 642 466 694 quod
484 642 517 681 ei
531 655 598 693 per
609 642 862 693 syngrapham
875 640 1074 678 credidisti.
1103 639 1225 688 Nam,

118 709 207 735 cum
226 696 349 734 multa
365 695 468 746 regia
486 703 574 733 sunt
591 695 631 732 in
651 695 844 741 Deiotaro,
857 701 942 731 tum
959 693 1026 730 illa
1038 692 1221 739 maxime,

120 749 224 800 quod
242 750 312 788 tibi
324 761 529 787 nummum
540 749 691 786 nullum
706 747 833 792 dedit;
863 746 965 798 quod
980 759 1063 784 earn
1076 752 1225 796 partem

121 802 216 854 legis
241 810 331 850 tuae,
355 815 441 853 quae
462 802 691 853 congruebat
712 813 799 839 cum
824 800 966 850 judicio
991 795 1153 845 senatus,
1183 805 1227 836 ut

121 855 203 907 ipse
227 868 295 894 rex
321 862 428 903 esset,
448 867 524 893 non
549 854 786 906 repudiavit:
817 853 919 904 quod
945 852 1225 899 Pessinuntem,

121 922 190 961 per
206 909 326 948 scelus
344 921 367 946 a
385 915 422 946 te
439 908 636 956 violatum,
657 915 694 946 et
711 907 898 946 sacerdote
911 905 1096 956 sacrisque
1115 905 1229 956 spoli-

123 969 245 1010 atum,
270 961 514 1013 recuperavit,
534 968 578 999 ut
601 961 641 998 in
659 959 817 1012 pristina
840 959 1018 1010 religione
1037 965 1224 1004 servaret3

122 1015 227 1067 quod
244 1014 488 1063 caerimom'as,
508 1015 556 1052 ab
571 1015 675 1052 omni
686 1020 868 1052 vetustate
887 1019 1067 1064 acceptas,
1088 1025 1111 1049 a
1129 1012 1227 1049 Bro-

123 1069 244 1120 gitaro
269 1068 392 1122 pollui
416 1080 492 1106 non
519 1067 631 1113 sinit;
661 1067 884 1118 mavultque
908 1077 1090 1117 generum
1113 1076 1227 1102 suum

122 1134 280 1161 munere
297 1130 377 1170 tuo,
397 1134 514 1174 quam
536 1120 631 1159 illud
643 1120 777 1159 fanum
788 1119 1012 1172 antiquitate
1025 1117 1230 1169 religionis,

124 1187 260 1214 carere.

178 1228 267 1278 Sed,
287 1235 331 1267 ut
354 1228 403 1266 ad
426 1227 508 1267 haec
527 1226 772 1279 haruspicum
797 1238 972 1278 responsa
995 1224 1160 1272 redeam,
1181 1235 1229 1262 ex

123 1282 263 1334 quibus
281 1289 337 1320 est
349 1282 518 1334 primum
536 1280 583 1319 de
600 1281 726 1326 ludis3
756 1280 841 1332 quis
853 1286 921 1326 est,
938 1278 1005 1330 qui
1018 1278 1058 1315 id
1075 1290 1152 1316 non
1172 1284 1231 1315 to-

123 1343 208 1374 tum
226 1336 265 1374 in
279 1335 386 1374 istius
405 1334 517 1373 ludos
533 1334 757 1386 praedictum
776 1340 813 1372 et
830 1344 1053 1384 responsum
1072 1343 1150 1369 esse
1169 1330 1229 1368 fa-

123 1389 274 1428 taetur?
303 1389 481 1440 Sequitur
500 1388 547 1426 de
567 1387 658 1425 locis
676 1386 801 1434 sacris,
821 1385 1015 1437 religiosis.

175 1442 294 1482 XIV.
322 1442 361 1481 O
380 1441 656 1492 impudentiam
674 1441 811 1478 miram
830 1440 839 1477 !
870 1439 917 1477 de
934 1438 1021 1476 mea
1039 1437 1152 1475 domo
1170 1436 1231 1474 di-

123 1508 206 1535 cere
232 1495 346 1534 audae
360 1498 378 1534 ‚⁹
416 1494 623 1534 Committe
646 1494 705 1532 vel
727 1492 957 1540 consulibus,
981 1491 1041 1530 vel
1068 1489 1228 1538 senatui,

124 1549 185 1589 vel
201 1548 357 1600 collegio
383 1547 622 1599 pontificum,
649 1554 768 1585 tuam.
797 1548 860 1584 Ac
886 1558 972 1583 mea
990 1544 1146 1595 quidem
1169 1543 1232 1581 his

124 1602 245 1641 tribus
266 1601 444 1641 omnibus
464 1600 629 1651 judiciis,
655 1607 701 1638 ut
725 1599 805 1638 dixi
833 1606 956 1646 antea,
979 1598 1137 1636 liberata
1163 1602 1233 1634 est.

125 1657 199 1704 At,
217 1655 258 1693 in
274 1655 321 1693 iis
340 1654 496 1702 aedibus,
516 1667 610 1705 quas
627 1660 669 1691 tu
690 1652 759 1700 (Q.
780 1652 880 1701 Seio,
900 1651 1025 1702 equite
1039 1651 1232 1697 Romano,

127 1708 208 1747 viro
224 1708 383 1760 optimo,
408 1720 474 1758 per
499 1714 537 1745 te
554 1706 785 1758 apertissime
800 1705 1014 1751 interfecto)
1033 1711 1151 1751 tenes,
1173 1715 1234 1740 sa-

127 1761 267 1800 cellum
285 1760 368 1799 dico
379 1760 493 1799 fuisse
504 1767 541 1798 et
558 1773 658 1800 aras:
682 1759 822 1798 tabulis
834 1758 906 1796 hoc
925 1769 1135 1804 censorum,
1149 1767 1235 1793 me-

128 1813 251 1852 moria
267 1814 493 1862 multorum,
515 1813 674 1852 firmabo
698 1825 742 1851 ac
764 1812 916 1850 docebo.
945 1811 1098 1861 Agatur
1118 1807 1235 1846 modo

131 1867 212 1907 haec
236 1879 294 1905 τω
323 1866 456 1918 (quod,
483 1878 531 1904 ex
556 1878 599 1904 eo
623 1865 960 1904 senatus-consulto
985 1861 1088 1914 quod
1116 1873 1239 1912 nuper

129 1927 185 1959 est
201 1919 358 1967 factum,
377 1918 505 1958 referri
520 1918 569 1962 ad
579 1931 644 1957 vos
656 1930 802 1957 necesse
814 1924 906 1966 em:
926 1917 1062 1962 habeo,
1082 1927 1168 1966 quae
1186 1913 1235 1952 de

128 1974 219 2012 locis
230 1972 409 2024 religiosis
416 1972 528 2011 velim
541 1971 673 2010 dicere.
702 1971 804 2010 Cum
818 1971 866 2009 de
883 1970 997 2008 domo
1015 1968 1083 2006 tu&
1101 1967 1232 2004 dixero

132 2027 191 2071 (in
208 2027 286 2078 qu‘a
303 2033 430 2063 tamen
448 2026 502 2064 ita
518 2031 573 2063 oet
586 2024 854 2063 inaedificatum
869 2023 1062 2070 sacellum,
1074 2028 1118 2058 ut
1135 2019 1233 2058 alius

132 2079 273 2128 fecerit,
293 2078 363 2118 tibi
380 2077 644 2116 tantummodo
668 2077 716 2116 sit
732 2075 1048 2121 demoliendum),
1071 2080 1156 2110 tum
1175 2071 1236 2110 vi-

131 2132 242 2181 debo,
261 2144 356 2170 num
367 2131 463 2170 mihi
477 2143 623 2170 necesse
634 2130 682 2170 sit
693 2130 742 2168 de
759 2130 841 2168 aliis
853 2129 967 2167 etiam
978 2125 1122 2177 aliquid
1133 2124 1236 2163 dioe-

131 2197 185 2226 re.
213 2186 357 2226 Putant
367 2184 469 2225 enim
479 2183 653 2224 nonnulli
667 2182 715 2224 ad
729 2195 791 2222 me
803 2181 1002 2234 pertinere,
1018 2189 1233 2218 annamen-
