1435 2328
561 469 788 511 ORATIO
816 469 975 509 XXVI.

242 710 370 758 PRO
405 710 465 757 A.
500 707 751 757 LICINIO
786 677 1043 755 ARCHIK
1077 669 1311 753 ΡΟΕΤᾹ.

698 857 848 888 -4—

552 993 848 1033 ARGUMEN
851 991 995 1032 TUM.

222 1131 278 1171 A.
298 1131 520 1171 LICINIUS
547 1131 711 1170 Archias
737 1131 811 1170 fuit
830 1131 1108 1179 Antiochenus,
1132 1129 1214 1181 qui,
1241 1142 1330 1168 cum

196 1186 370 1237 .poe'tica
388 1186 534 1223 floreret
562 1185 689 1234 laude,
721 1192 758 1222 et
787 1187 835 1222 ab
864 1185 1040 1231 omnibus
1069 1196 1178 1235 paene
1208 1183 1333 1223 Italiae

221 1239 375 1290 populis
412 1246 661 1289 expeteretur,
699 1237 964 1290 imprimisque
1006 1237 1110 1288 apud
1145 1237 1333 1288 principes

223 1292 410 1343 quosdam
430 1293 626 1329 Romanos
646 1299 741 1330 esset
759 1291 956 1352 gratiosus,
976 1291 1048 1334 hoc
1067 1291 1181 1328 etiam
1201 1301 1333 1330 eorum·

220 1346 337 1396 opera
355 1353 575 1383 consecutus
595 1352 663 1393 est,
684 1352 728 1382 ut
746 1345 894 1383 civitate
920 1344 1099 1382 Romana
1117 1344 1332 1393 donaretur.

222 1398 299 1437 Sed
318 1399 352 1436 ei
371 1398 661 1436 controversiam
689 1398 735 1436 de
762 1398 911 1436 civitate
938 1405 1068 1449 postea
1096 1397 1216 1435 movit
1236 1398 1334 1436 Gra-

222 1451 299 1489 tius
327 1452 509 1502 quidam3
541 1464 706 1502 eumque
731 1464 840 1489 reum
867 1451 955 1490 fecit
981 1452 1065 1502 lege
1084 1451 1239 1489 Plautia
1258 1452 1334 1497 Pa,

222 1505 321 1556 piri&
348 1506 395 1543 de
414 1505 575 1549 civitate,
596 1506 675 1556 qua
694 1512 850 1543 cautum
869 1512 960 1553 erat,
981 1512 1038 1551 ut,
1060 1504 1128 1556 qui
1145 1504 1333 1544 foederatis

220 1558 435 1597 civitatibus
454 1558 632 1609 adscripti
660 1565 795 1606 essent,
825 1559 857 1596 si
882 1566 980 1606 tum,
1001 1571 1090 1596 cum
1107 1558 1171 1596 lex
1188 1558 1335 1596 fereba-

223 1619 361 1658 tur,m
322 1612 330 1619 “
320 1612 505 1650 111Ι1311ἓ1
537 1612 774 1650 domicilium
804 1612 1039 1659 habuissent,
1069 1618 1106 1649 et
1129 1611 1229 1649 intra
1256 1611 1336 1650 LX

223 1665 302 1702 dies
321 1665 425 1716 apud
454 1672 653 1716 praetorem
674 1672 798 1703 essent
824 1665 1027 1717 professi,
1016 1665 1044 1702 1i
1063 1665 1218 1702 demum
1240 1665 1338 1708 cives

224 1718 464 1756 haberentur.
514 1719 647 1768 Hujus
676 1719 792 1770 igitur
823 1719 936 1757 causa
965 1717 1154 1769 suscepta,
1189 1718 1335 1768 Cicero,

223 1772 519 1809 commemorata
536 1772 692 1810 Archiae
710 1785 838 1810 secum
857 1780 892 1810 et
911 1785 1000 1810 cum
1022 1771 1185 1810 summis
1211 1772 1337 1810 homi.

220 1824 334 1862 nibus
349 1824 618 1872 familiaritate,
631 1826 759 1864 omnia
770 1825 970 1864 adversarii
982 1832 1207 1876 argumenta
1224 1825 1338 1864 diluit

223 1891 267 1916 ac
285 1877 435 1925 refellit,
454 1878 518 1915 sed
535 1879 680 1926 leviter,
702 1886 739 1917 et
757 1891 834 1916 non
851 1879 925 1917 nisi
951 1879 1215 1930 perfunctorie.
1257 1873 1338 1917 Itass

222 1944 312 1982 que,
333 1937 377 1968 ut
401 1932 480 1980 just
468 1945 514 1968 ae
533 1933 710 1970 orationis
728 1945 948 1970 mensuram
967 1933 1156 1994 impleret,
1177 1931 1338 1984 arripuit

221 1983 469 2031 occasionem,
483 1997 570 2022 cum
582 1985 622 2022 in
637 1985 908 2024 humanitatis
898 1986 1163 2037 imprimisque
1180 1986 1339 2037 poe‘ticae

221 2037 425 2085 facultatis,
441 2045 526 2075 tum
544 2038 584 2075 in
604 2039 723 2090 ipsius
737 2040 906 2102 Archiae,
925 2040 1059 2078 laudes
1077 2039 1337 2090 digrediendi3

222 2089 475 2151 ostenditque,
500 2091 769 2144 dignissimum
789 2093 938 2134 civitate
957 2093 1135 2134 Romana
1152 2092 1340 2133 Archiam

221 2157 310 2186 esse
