1425 2334
238 81 379 122 POST
407 81 678 121 REDITUM
708 82 765 121 11.
795 83 899 124 CAP.
929 85 966 122 2.
1079 83 1154 122 113

53 195 132 227 ter:
162 199 238 226 non
253 195 332 226 tam
350 187 389 226 id
408 187 627 236 sentiebam,
640 200 728 226 cum
742 188 906 237 fruebar,
920 201 1035 240 quam
1048 197 1153 234 tunc,

53 253 143 279 cum
161 243 358 286 carebam:
389 250 426 279 et
443 248 688 292 posteaquam
718 253 783 280 vos
814 254 877 280 me
906 242 975 290 illi,
1006 250 1042 280 et
1059 241 1155 278 mihi

56 306 160 341 eum,
181 294 403 332 reddidistis.
435 295 511 332 Res
525 294 721 332 familiaris
740 307 809 332 sua
827 308 1018 346 quemque
1035 294 1157 332 delec-

56 354 133 385 tat:
155 348 309 398 reliquae
321 359 415 385 meae
431 347 591 386 fortunae
610 356 835 399 recuperatae
853 349 940 399 plus
950 348 1045 385 mihi
1057 360 1158 386 nunc

56 401 260 450 voluptatis
279 400 454 448 afferunt,
470 414 587 451 quam
606 408 697 438 tunc
715 401 922 439 incolumes
940 401 1157 438 afferebant.

56 453 263 499 Amicitiae,
289 454 590 501 consuetudines,
622 454 843 502 vicinitates,
864 454 1057 500 clientelae,
1076 453 1158 491 ludi

56 506 221 558 denique
249 513 286 544 et
309 506 387 544 dies
406 506 505 553 festi,
529 507 622 559 quid
651 507 832 545 haberent
861 507 1078 558 voluptatis,
1098 519 1159 545 ca-

57 559 174 598 rendo
191 560 312 610 magis
330 559 513 607 intellexi,
534 573 650 611 quam
669 560 840 599 fruendo.

111 613 205 650 Jam
224 625 310 651 vero
327 613 460 661 honos,
489 613 666 664 dignitas,
696 614 814 660 locus,
846 613 950 660 ordo,
980 612 1161 651 beneficia

59 673 194 713 vestra,
215 678 451 717 quamquam
469 666 564 704 mihi
583 679 729 718 semper
740 667 944 704 clarissima
956 666 1035 704 visa
1046 674 1134 704 sunt
1147 680 1159 711 ;

60 727 187 757 tamen
207 732 264 766 ea,
284 731 385 757 nunc
404 727 593 766 renovata,
613 719 817 757 illustriora
835 720 1022 765 videntur,
1042 732 1160 770 quam

60 772 93 809 si
107 773 303 810 obscurata
316 784 391 809 non
411 780 545 810 essent.
575 773 666 824 Ipsa
684 780 811 810 autem
830 773 965 824 patria,
986 772 1070 815 (Dii
1089 772 1163 809 im-

61 825 238 863 mortales
253 826 283 872 2)
313 825 386 863 dici
405 825 469 863 vix
487 833 624 886 potest,
651 825 745 876 quid
771 825 947 874 caritatis,
977 825 1070 876 quid
1097 838 1162 863 vo-

60 877 216 929 luptatis
234 878 383 916 habeat.
413 879 512 926 Quae
526 879 667 930 species
687 879 833 916 Italiae.
825 879 833 904 ⁹
865 892 951 939 quae
969 878 1163 916 celebritas

59 931 311 981 oppidorum!
343 945 428 982 quae
447 931 568 969 forma
593 932 815 982 regionum!
848 932 915 983 qui
945 932 1046 982 agri!
1078 944 1165 982 quae

61 984 217 1034 fruges!
248 997 334 1035 quae
352 984 594 1035 pulchritudo
613 985 754 1023 Urbis!
758 998 871 1036 quae
882 985 1098 1022 humanitas
1111 984 1163 1021 ci-

61 1037 192 1074 vium!
223 1050 310 1088 quae
327 1038 542 1088 reipublicae
556 1038 742 1088 dignitas!
776 1051 862 1089 quae
880 1045 1002 1076 vestra
1025 1039 1164 1086 majes-

60 1090 142 1128 tas!
173 1090 326 1137 Quibus
345 1103 413 1141 ego
424 1091 600 1129 omnibus
618 1098 728 1128 antea
745 1093 857 1129 rebus
869 1090 920 1128 sic
938 1091 1102 1137 fruebar,
1119 1097 1163 1128 ut

60 1154 173 1180 nemo
190 1143 322 1203 magis.
353 1143 440 1191 Sed,
453 1150 650 1195 tamquam
664 1145 764 1181 bona
775 1144 950 1182 valetudo
961 1143 1164 1192 jucundior

61 1203 118 1234 est
136 1196 188 1233 eis
206 1196 273 1247 qui
303 1209 323 1234 e
347 1197 453 1247 gravi
481 1199 614 1235 morbo
635 1197 788 1234 recreati
817 1203 918 1245 sunt,
950 1209 1066 1247 quam
1097 1195 1164 1246 qui

61 1260 259 1300 nunquam
278 1262 377 1310 aegro
395 1261 547 1300 corpore
561 1250 740 1295 fuerunt3
770 1250 822 1288 sic
841 1263 884 1288 ea
907 1250 1048 1296 omnia,
1069 1248 1165 1287 desi-

62 1302 205 1349 derata,
225 1303 362 1353 magis,
382 1315 498 1363 quam
518 1303 666 1341 assidue
683 1310 872 1354 percepta,
885 1303 1082 1341 delectant.

117 1355 175 1392 ΙΙ.
204 1355 400 1402 Quorsum
425 1355 542 1406 igitur
559 1356 639 1394 haec
664 1357 846 1407 disputo?
875 1368 1084 1422 quorsum.
1075 1358 1092 1383 ⁹
1121 1362 1165 1393 ut

62 1407 269 1473 intelligere
287 1408 449 1460 possitis,
465 1409 656 1446 neminem
671 1422 842 1460 unquam
861 1409 967 1447 tanta
985 1410 1166 1460 eloquen-

62 1461 118 1499 tia
134 1461 262 1510 fuisse,
281 1474 404 1513 neque
422 1469 501 1499 tarn
520 1462 647 1500 divino
665 1472 779 1513 atque
799 1462 1009 1501 incredibili
1030 1474 1167 1513 genere

61 1514 224 1560 dicendi,
237 1515 304 1565 qui
319 1522 527 1553 vestrorum
539 1515 841 1566 magnitudinem
859 1515 1165 1553 multitudinem-

63 1580 139 1619 que
156 1568 437 1615 beneficiorum,
453 1582 539 1619 quae
556 1569 596 1606 in
620 1581 696 1616 me,
716 1569 946 1620 fratremque
963 1581 1108 1617 meum,
1129 1576 1167 1606 et

63 1620 200 1658 liberos
218 1628 376 1669 nostros,
397 1622 620 1670 contulistis,
640 1634 715 1659 non
734 1622 847 1660 modo
868 1635 1005 1672 augere
1023 1629 1090 1660 aut
1107 1634 1167 1659 or·

65 1684 154 1711 nare
178 1674 357 1722 oratione,
384 1674 448 1712 sed
476 1687 694 1712 enumerare
724 1682 791 1713 aut
815 1675 1005 1726 consequi,
1035 1675 1166 1727 possit.

65 1729 106 1763 A
125 1727 343 1777 parentibus
362 1727 432 1775 (id,
445 1728 547 1778 quod
560 1740 708 1766 necesse
720 1736 814 1775 erat)
827 1742 966 1780 parvus
981 1741 1066 1766 sum
1080 1741 1167 1779 pro-

66 1787 234 1818 creatus:
264 1793 287 1817 a
304 1780 408 1818 vobis
427 1788 538 1819 natus
551 1794 636 1819 sum
654 1782 870 1819 consularis.
901 1782 966 1819 Illi
984 1781 1079 1819 mihi
1093 1782 1169 1820 fra-

67 1839 178 1880 trem,
216 1832 465 1883 incognitum,
496 1835 619 1885 qualis
643 1834 794 1872 futurus
823 1841 931 1882 esset,
958 1835 1167 1873 dederunt:

67 1898 147 1931 vos,
167 1893 376 1936 spectatum
396 1893 433 1924 et
450 1887 660 1926 incredibili
685 1887 824 1938 pietate
850 1888 1058 1939 cognitum,
1087 1888 1172 1926 red-

68 1938 226 1977 didistis.
255 1939 549 1990 Rempublicam
575 1940 651 1978 illis
678 1941 802 1992 accepi
820 1941 1052 1992 temporibus
1071 1953 1169 1986 eam,

68 2005 155 2042 quae
168 2003 276 2042 paene
287 1992 424 2030 amissa
442 1999 520 2031 est:
541 2007 564 2031 a
577 1993 682 2031 vobis
700 2006 784 2031 eam
803 1994 1033 2045 recuperavi,
1054 2006 1171 2044 quam

67 2044 272 2096 aliquando
288 2057 418 2083 omnes
437 2045 548 2084 unius
565 2059 678 2098 opera
696 2054 879 2085 servatam
895 2047 1172 2097 judicaverunt.

70 2097 140 2135 Ι)11
155 2097 387 2151 immortales
404 2098 500 2137 mihi
517 2099 654 2138 liberos
673 2100 880 2138 dederunt.
910 2112 975 2138 vos
993 2099 1174 2139 reddidis-

73 2151 134 2189 tis.
167 2150 299 2192 Multa
315 2158 494 2203 praeterea
511 2165 534 2191 3
551 2152 638 2192 Diis
655 2153 933 2192 immortalibus
950 2158 1078 2203 optata
1088 2166 1175 2191 con-

839 2216 864 2243 L
885 2207 910 2242 ‚5
