1435 2328
202 100 259 145 -76
469 99 819 140 PRQSULLA.
843 100 959 140 CAR*
979 97 1048 138 32.

198 212 295 244 nota
305 205 458 246 nefariae
469 207 737 258 'turpitudinis'
725 215 912 246 inuratur.
932 207 973 245 N
975 219 1038 245 am
1049 206 1130 257 ipse
1141 204 1314 258 quidem3

204 260 236 297 si
255 260 325 298 erit
343 268 465 299 vestro
480 261 624 311 judicio
637 262 832 308 liberatus,
848 275 935 312 quae
948 261 1063 298 habet
1076 265 1312 305 ornamenta,

203 326 292 364 quae
324 314 456 352 solatia
481 315 636 365 reliquae
660 315 761 362 vitae,
793 315 932 366 quibus
960 313 1082 351 laetari
1105 319 1142 350 et
1168 311 1313 363 perfrui

203 367 321 428 possit
330 367 348 404 ἱ)
377 368 528 406 Domus
540 368 609 405 erit
621 368 764 415 (credo)
780 375 979 406 exornata:
1001 366 1216 426 aperientur
1226 378 1310 402 ma-

198 422 328 471 jorum
346 421 530 471 imagines
545 436 555 459 :
584 422 664 472 ipse
682 431 858 459 ornatum
871 434 913 458 ac
925 420 1102 458 vestitum
1117 431 1313 469 recupera-

202 475 270 513 bit.
301 474 458 521 Onmia,
477 475 635 524 judices,
655 476 736 513 haec
754 475 891 513 amissa
910 481 1021 511 sunt:
1052 472 1180 510 omnia
1198 484 1312 522 gene-

199 528 265 573 ris,
279 528 457 575 nominis,
470 528 635 575 honoris,
648 529 812 579 insignia
823 536 936 578 atque
947 533 1182 572 ornamenta,
1198 525 1312 562 unius

197 581 332 630 judicii
350 582 576 629 calamitate,
597 582 821 619 occiderunt,
853 581 941 626 Sed,
957 593 1006 617 ne
1024 579 1227 617 exstinctor
1244 591 1312 628 pa-

201 634 297 682 triae,
318 647 366 673 ne
394 635 576 695 proditor,
607 648 655 673 ne
673 635 790 672 hostis
808 634 1042 685 appelletu13
1072 645 1120 670 ne
1138 632 1236 669 hanc
1253 632 1310 669 la-

200 689 257 726 be
263 701 290 725 n
308 689 405 725 tanti
423 688 596 726 sceleris'
587 701 626 725 111
645 688 792 726 familia
809 688 1013 748 relinquat,
1033 686 1073 723 id
1090 687 1250 733 laborat,
1270 684 1311 722 id

199 742 362 787 metuit3
392 754 441 778 ne
459 742 622 792 denique
639 741 701 779 hic
719 742 846 787 miser,
862 740 1060 790 conjurati,
1077 747 1114 777 et
1127 738 1311 777 conscele-

199 795 285 842 rati,
315 803 352 832 et
375 795 575 860 proditoris
593 795 694 845 filius
712 795 952 833 nominetur:
982 793 1072 830 huic
1088 805 1221 843 puero,
1242 792 1311 842 qui

200 856 255 886 est
274 848 307 885 ei
326 847 402 886 vita
421 862 490 886 sua
508 849 631 886 multo
650 849 781 896 carior,
801 847 952 894 metuit,
972 847 1033 884 cui
1051 845 1223 883 honoris
1213 853 1312 882 mte-

197 915 284 951 gros
294 902 440 939 fructus
451 914 527 939 non
542 902 590 940 sit
603 902 823 949 traditurus,
837 914 884 939 ne
896 909 1074 938 aeternam
1083 899 1308 936 memoriam

198 954 388 993 dedecoris
402 955 602 1006 relinquat.
632 956 710 994 Hic
724 968 788 993 vos
799 962 892 1003 orat,
911 954 1069 1003 judices,
1088 965 1242 1004 parvus,
1262 950 1306 989 u't

196 1021 236 1046 se
254 1009 472 1060 aliquando,
505 1010 536 1047 si
554 1022 631 1047 non
656 1010 696 1047 in
721 1009 868 1059 integra
891 1008 1058 1054 fortuna,
1088 1014 1127 1044 at
1151 1006 1305 1053 afflicta,

190 1062 294 1113 -patri
314 1076 381 1100 suo
395 1063 577 1113 gratulari
596 1063 736 1101 sinatis.
776 1062 882 1100 Huic
898 1061 1035 1099 misero
1053 1060 1199 1097 notiora
1217 1066 1306 1097 sunt

190 1116 423 1165 judiciorum
442 1116 576 1154 itinera
594 1124 631 1154 et
648 1117 733 1163 fori,
754 1129 871 1167 quam
885 1114 1022 1165 Campi
1041 1122 1077 1151 et
1091 1113 1307 1164 disciplina-

194 1182 294 1207 rum.
327 1170 418 1207 Non
434 1171 515 1218 jam
535 1170 582 1207 de
600 1170 679 1207 vita
699 1170 744 1207 P.
766 1170 896 1216 Sullae,
914 1169 1073 1217 judices,
1094 1167 1158 1204 sed
1183 1167 1230 1204 de
1249 1179 1306 1203 50-

191 1223 363 1273 pultura,
385 1223 633 1261 contenditur.
663 1223 756 1261 Vita
780 1230 907 1273 erepta
925 1230 980 1259 est
998 1220 1187 1271 superiore
1201 1219 1305 1268 judi-

191 1276 270 1313 010.
291 1288 406 1322 1111110,
421 1289 468 1314 110
481 1290 614 1327 corpus
629 1277 812 1325 ejiciatur,
822 1276 1050 1313 laboramus
1079 1273 1188 1320 Quid
1199 1273 1302 1310 enim

190 1336 247 1366 est
260 1329 349 1367 huic
360 1330 511 1381 reliqui,
525 1330 628 1380 quod
636 1343 723 1368 eum
736 1330 776 1366 in
789 1343 810 1366 1
814 1330 866 1366 ita
875 1330 945 1366 hac
958 1326 1109 1365 teneat?
1130 1334 1197 1363 aut
1210 1326 1304 1376 quid

189 1389 259 1428 est,
281 1385 528 1433 quamobrem
543 1384 623 1420 haec
638 1383 816 1432 cuiquam
835 1394 857 1417 1
860 1381 913 1417 ita
930 1380 1123 1417 wdeatur.
1114 1382 1131 1407 '³

244 1435 431 1474 XXXII.
462 1436 627 1486 Nuper
617 1449 648 1472 15
667 1436 741 1472 1101
733 1447 782 1471 io
800 1433 903 1470 fuit·
892 1446 933 1470 m
952 1433 1102 1470 cixitate
1115 1432 1160 1469 P.
1178 1432 1300 1480 Sulla,

190 1495 235 1526 ut
251 1500 364 1526 nemo
383 1489 417 1525 ei
436 1502 474 1525 se
491 1501 614 1538 neque
633 1488 787 1533 honore,
807 1499 931 1537 neque
949 1486 1084 1536 gratia,
1098 1498 1166 1523 nec
1179 1486 1301 1524 fortu-

189 1541 261 1587 nis,
282 1541 506 1579 anteferret:
537 1553 651 1585 nunc,
673 1541 853 1591 spoliatus
873 1540 978 1577 omni
997 1539 1193 1589 dignitate,
1214 1552 1301 1589 quae

187 1601 316 1644 erepta
335 1602 436 1641 sunt,
456 1607 531 1631 non
550 1594 707 1644 repetit:
739 1593 842 1645 quod
855 1593 1008 1631 fortuna
1025 1594 1065 1629 in
1085 1592 1196 1630 malis
1211 1593 1299 1636 reli,

188 1648 256 1698 qui
273 1648 375 1696 fecit,
395 1654 440 1685 ut
457 1661 546 1685 cum
568 1655 736 1698 parente,
767 1659 855 1684 cum
880 1647 1020 1693 liberis,
1052 1658 1141 1684 cum
1166 1645 1296 1693 fratre,

187 1714 276 1739 cum
295 1701 354 1738 his
373 1701 598 1748 necessariis,
619 1701 749 1751 lugere
771 1713 880 1738 suam
899 1700 1153 1738 calamitatem
1170 1699 1295 1748 liceat,

184 1754 226 1792 id
244 1754 315 1793 sibi
333 1767 381 1792 ne
401 1754 578 1805 eripiatis,
596 1754 755 1803 judices,
777 1766 841 1791 vos
860 1755 1078 1791 obtestatur.

239 1808 299 1845 Te
310 1808 436 1858 ipsum
452 1809 548 1857 jam,
565 1809 774 1858 Torquate,
791 1807 984 1857 expletum
1000 1819 1077 1844 esse
1090 1806 1207 1855 hujus
1221 1805 1296 1843 mi-

185 1861 302 1909 seriis,
322 1874 391 1911 par
409 1869 488 1899 erat
503 1876 513 1898 z
546 1868 594 1907 et,
615 1862 646 1899 si
664 1861 761 1898 nihil
779 1860 885 1897 aliud
904 1861 1021 1899 Sullae
1032 1859 1106 1897 nisi
1120 1859 1295 1897 consula-

185 1923 270 1952 tum
289 1915 546 1961 abstulissetis,
568 1922 697 1952 tamen
723 1927 766 1952 eo
785 1927 850 1951 vos
869 1921 1061 1951 contentos
1079 1926 1158 1951 esse
1181 1925 1293 1963 opor-

183 1970 309 2006 tebat:
340 1968 493 2006 honoris
519 1968 620 2006 enim
649 1967 838 2006 contentio
856 1980 921 2005 vos
947 1967 995 2004 ad
1020 1979 1187 2013 causam,
1214 1978 1293 2003 non

183 2022 392 2059 inimicitiae
421 2021 671 2059 deduxerunt.
713 2021 802 2068 Sed,
834 2033 922 2058 cum
946 2020 1036 2058 huic
1054 2019 1183 2058 omnia
1201 2031 1291 2056 cum

179 2074 324 2113 honore
350 2076 515 2113 detracta
546 2075 634 2123 sint,
666 2087 754 2112 cum
772 2074 812 2111 in
830 2074 901 2111 hac
918 2074 1073 2111 fortuna
1090 2072 1229 2110 misera
1247 2085 1291 2110 ac

179 2128 458 2167 luctuosissima
475 2129 675 2166 destitutus
701 2129 772 2174 sit;
803 2128 895 2179 quid
914 2134 983 2188 est,
1010 2126 1113 2188 quod
1132 2132 1286 2176 expetas

178 2182 343 2232 amplius
360 2185 376 2221 F
407 2182 571 2220 Lucisne
588 2181 687 2220 hanc
704 2194 860 2220 usuram
879 2181 1020 2231 eripere
1033 2180 1103 2227 vis,
1129 2179 1286 2230 plenam

173 2235 426 2286 lacrymarum
440 2243 556 2287 atque
569 2235 750 2286 moeroris,
771 2235 810 2274 in
825 2248 903 2286 qua
913 2247 1002 2283 cum
1013 2232 1183 2273 maximo
1194 2245 1288 2280 cru-g
