1425 2334
354 89 468 131 PRO
497 89 732 130 FLACCO.
762 89 867 130 Cn».
887 91 953 129 33.
1153 93 1207 130 33

103 209 183 237 esse
211 198 278 236 abs
301 203 350 236 te.
391 197 466 237 Sed
487 198 569 236 haec
597 197 742 236 omitto.
779 196 923 235 Census
951 210 989 235 es
1021 198 1211 249 mancipia

103 251 311 302 Amyntaez
342 263 466 303 neque
490 251 580 289 huic
601 251 721 288 ullam
746 250 786 288 in
810 263 853 288 eo
878 250 996 288 fecisti
1015 251 1207 300 injuriam.

103 304 274 342 Possidet
292 305 393 342 enim
413 318 456 342 ea
474 304 662 355 mancipia
680 304 884 354 Amyntas.
914 304 976 341 Ac
988 305 1111 354 primo
1123 305 1210 356 qui-

102 357 190 395 dem
209 358 418 409 pertimuit,
443 371 531 396 cum
550 365 586 395 te
604 358 769 395 audisset
787 370 908 395 servos
928 369 1013 395 suos
1028 370 1105 395 esse
1123 370 1211 395 cen-

103 423 200 448 sum.
231 412 380 449 Retulit
397 411 445 448 ad
460 411 756 460 jurisconsultos.
787 410 992 448 Constabat
1010 411 1107 448 inter
1126 423 1210 448 om-

103 475 183 510 nes,
210 463 241 502 si
267 465 388 502 aliena
411 464 594 502 censendo
617 464 808 502 Decianus
831 477 899 501 sua
924 463 1044 501 facere
1069 470 1207 514 posset,

102 529 192 554 eum
213 515 443 566 [maximam
460 517 681 556 habiturum
707 529 784 554 esse
805 516 1001 554 familiam.
1038 517 1213 568 Respon-

104 583 189 607 sum
209 577 276 618 est,
294 571 375 620 ejus
393 570 492 608 facta
510 583 585 608 non
606 570 733 608 videri.
766 570 876 607 Idem
896 570 1019 608 visum
1039 578 1093 607 est
1111 577 1213 620 post-

104 636 148 660 ea
167 623 315 668 Flacco,
328 637 416 661 cum
432 637 512 662 rem
532 630 789 673 cognosceret:
820 623 966 673 ita-que
984 623 1180 674 decrevit.]

159 676 368 714 XXXIII.
391 677 551 715 Habetis
562 690 712 714 causam
725 677 1022 721 inimicitiarum,
1040 674 1115 727 quai
1126 689 1213 714 cau..

106 727 147 768 sa
164 729 421 768 inflammatus
445 730 636 768 Decianus
662 730 710 767 ad
730 730 896 767 Laelium
921 730 1098 767 detulerit
1115 729 1213 767 hanc

107 783 276 833 opimam
295 783 580 822 accusationem.
612 784 715 821 Nam
735 783 787 820 ita
806 789 961 834 questus
980 792 1034 820 est
1054 782 1212 830 Laelius,

108 849 195 874 cum
220 836 267 874 de
294 837 452 886 perfidia
474 836 634 874 Deciani
663 836 825 874 diceret:
864 836 945 883 Qui
972 836 1067 873 mihi
1087 843 1216 873 auctor

107 889 195 936 fuit,
206 889 282 949 ‚qni
301 902 451 927 causam
467 889 515 927 ad
532 902 594 927 me
613 889 762 935 detulit,
784 902 898 940 quem
919 902 987 939 ego
1006 901 1091 927 sum
1111 901 1216 927 secu-

108 950 183 988 tus,
204 942 235 979 is
254 956 276 980 a
295 942 430 981 Flacco
449 950 646 992 con-uptus
658 950 736 987 est,
757 942 789 979 is
807 955 869 980 me
887 942 1050 979 deseruit
1067 954 1110 979 ac
1128 955 1216 992 pro-

109 995 216 1032 didit.
247 995 391 1033 Siccine
410 1002 451 1033 tu
478 1003 606 1033 auctor
625 995 779 1033 tandem
799 1008 902 1041 eum,
929 995 991 1032 cui
1010 1002 1052 1032 tu
1071 995 1110 1032 in
1130 1007 1219 1032 con-

109 1048 192 1085 silio
210 1048 355 1097 fuisses,
376 1048 478 1099 apud
496 1061 612 1099 quem
631 1060 761 1086 omnes
775 1048 914 1098 gradus
933 1048 1125 1098 dignitatis
1144 1054 1221 1085 tuae

110 1101 337 1147 retinuisses,
357 1101 675 1152 pudentissimum
694 1101 903 1148 hominem,
918 1100 1152 1138 nobilissima
1163 1100 1222 1138 fa-

111 1154 219 1192 milia
244 1161 393 1202 natum,
420 1154 562 1205 optime
584 1154 631 1192 de
652 1153 845 1204 republica
867 1154 1061 1200 meritum,
1081 1153 1121 1190 in
1147 1153 1223 1191 dis-

112 1207 255 1245 crimen
267 1209 441 1246 omnium
454 1207 693 1245 fortunarum
702 1207 905 1245 vocavisti?
934 1206 1009 1244 Sed
1023 1205 1225 1244 defendam

113 1260 344 1308 Decianum,
371 1261 439 1312 qui
461 1261 530 1298 tibi
549 1260 589 1298 in
608 1260 858 1311 suspicionem
877 1260 984 1297 nullo
1003 1272 1071 1298 suo
1090 1259 1226 1297 delicto

114 1314 229 1352 venit.
270 1314 361 1351 Non
381 1321 450 1361 est,
477 1313 573 1351 mihi
601 1314 722 1361 erede,
749 1320 957 1364 corruptus.
997 1312 1105 1360 Quid
1125 1313 1226 1350 enim

112 1367 202 1415 fuit,
223 1367 325 1418 quod
344 1369 391 1405 ab
411 1380 454 1405 eo
473 1367 717 1404 redimeretur
733 1369 750 1405 Ρ
779 1374 823 1404 ut
837 1366 989 1404 duceret
1003 1365 1191 1415 judicium
1206 1368 1224 1404 ἒ

114 1420 177 1458 cui
195 1433 260 1458 sex
277 1420 388 1458 horas
407 1420 561 1459 omnino
571 1420 634 1458 lex
649 1420 763 1458 dedit.
793 1419 995 1467 Quantum
1010 1419 1163 1456 tandem
1179 1432 1227 1457 ex

114 1472 174 1511 his
191 1473 293 1511 horis
311 1473 535 1521 detraheret,
565 1474 596 1511 si
617 1473 686 1511 tibi
706 1485 850 1511 morem
870 1485 997 1523 gerere
1018 1472 1195 1510 voluisset
1208 1474 1227 1510 ?

116 1526 317 1565 Nimirum
344 1527 442 1564 illud
465 1534 532 1575 est,
559 1526 662 1578 quod
689 1527 769 1577 ipse
791 1526 1011 1576 suspicatur.
1052 1525 1229 1563 Invidisti

116 1579 268 1631 ingenio
287 1580 546 1631 subscriptoris
563 1581 631 1618 tui.
663 1579 779 1627 Quod
793 1581 951 1617 ornabat
963 1578 1072 1617 facile
1083 1579 1225 1624 locum,

117 1645 233 1683 quem
251 1633 513 1684 prehenderat,
541 1642 577 1671 et
601 1642 709 1671 acute
739 1640 848 1671 testes
866 1633 1134 1682 interrogabat,
1161 1638 1229 1669 aut

119 1686 459 1732 circumveniebat,
488 1687 643 1724 fortasse
665 1685 804 1734 [fecisti
822 1693 859 1724 et
877 1693 934 1733 tu,
951 1693 988 1723 et
1005 1685 1138 1736 populi
1153 1697 1228 1722 ser-

118 1751 197 1786 mo,
221 1752 268 1777 ne
287 1740 508 1791 exciperes]
546 1739 692 1778 Idcirco
718 1739 931 1777 Decianum
954 1751 1075 1788 usque
1100 1737 1148 1775 ad
1167 1750 1229 1775 co-

120 1805 253 1830 ronam
265 1793 490 1844 applicuisti.
521 1793 611 1840 Sed,
625 1799 667 1830 ut
678 1792 750 1830 hoc
762 1791 961 1830 verisimile
977 1799 1044 1838 est,
1060 1791 1113 1828 ita
1123 1790 1228 1840 haud

121 1845 336 1893 verisimile,
351 1846 564 1884 Decianum
584 1859 607 1883 a
619 1846 754 1883 Flacco
774 1858 851 1883 esse
870 1852 1102 1895 corruptum.

175 1898 235 1936 Ita
254 1898 396 1945 scitote,
414 1899 572 1948 judices,
594 1912 671 1937 esse
690 1906 845 1936 caetera.
872 1898 929 1936 vel
945 1897 1047 1949 quod
1061 1897 1114 1934 ait
1128 1897 1232 1934 Luc-

123 1951 239 1999 ceius,
268 1951 315 1989 L.
337 1952 517 1990 Flaccum
537 1952 607 1990 sibi
626 1952 715 1990 dare
733 1953 894 2002 cupisse,
915 1958 958 1988 ut
976 1964 1000 1988 a
1017 1950 1091 1988 fide
1110 1963 1148 1987 se
1167 1951 1233 1987 ab-

122 2004 287 2053 duceret,
307 2006 516 2044 sestertium
536 2005 660 2043 vicies.
698 2004 752 2043 Et
775 2017 862 2042 eum
883 2012 925 2042 tu
944 2016 1094 2042 accusas
1113 2002 1234 2040 avari-

124 2057 200 2105 tiae,
229 2071 345 2109 quem
374 2058 466 2097 dicis
495 2058 705 2097 sestertium
731 2058 842 2096 vicies
867 2057 1027 2095 voluisse
1049 2055 1234 2106 perdere?

122 2122 213 2148 nam
235 2110 328 2162 quid
350 2113 512 2159 emebat,
533 2124 621 2150 cum
646 2118 683 2149 te
705 2112 886 2149 emebat?
915 2116 959 2147 ut
972 2109 1020 2146 ad
1043 2121 1081 2146 se
1109 2114 1230 2145 trans-

127 2162 199 2202 ires
213 2166 231 2203 Ρ
270 2177 387 2215 quam
416 2172 562 2216 partem
592 2177 713 2203 causae
745 2164 814 2203 tibi
850 2163 1056 2201 daremus?
1095 2161 1162 2198 An
1189 2167 1232 2197 ut
