1455 2343
281 106 359 145 340
521 108 586 146 IN
607 87 921 148 VATINIUM.
952 108 1056 147 811».
1082 109 1142 147 15.

281 226 432 252 causam
453 214 621 254 diceret?
649 228 744 254 num
759 217 843 267 quis
862 229 947 254 reus
964 216 1004 254 in
1025 214 1192 254 tribunal
1206 213 1265 253 sui
1279 226 1386 265 quae-

281 267 402 305 sitoris
431 269 674 316 adscenderit,
706 282 870 321 eumque
891 270 929 308 vi
956 269 1177 316 deturbarit,
1207 267 1385 306 subsellia

281 320 483 372 dissipaiit,
496 335 609 360 urnas
631 298 842 373 [delegerin
849 325 864 374 ]
880 337 940 362 eas
958 323 1120 374 denique
1133 334 1263 360 omnes
1274 333 1332 358 res
1343 320 1383 358 in

278 374 422 422 judicio
440 376 684 414 disturbando
699 377 939 437 commiserit,
953 389 1116 428 quarum
1135 387 1261 413 rerum
1274 387 1387 412 causa

278 427 423 476 judicia
452 436 539 466 sunt
565 430 794 467 constituta?
825 430 965 467 sciasne
988 437 1072 467 tum
1096 429 1236 479 fugisse
1256 428 1387 465 Mem-

282 481 436 520 mium?
466 491 695 520 accusatores
710 496 786 520 esse
805 489 889 521 tuos
908 483 955 520 de
973 483 1047 520 tuis
1061 489 1291 532 tuorumque
1304 493 1388 518 ma-

282 534 394 572 nibus
414 539 588 586 ereptos?
615 536 759 585 judices
779 537 1031 587 quaestionum
1050 535 1097 574 de
1121 535 1303 586 proximis
1322 533 1389 571 tri-

281 588 487 626 bunalibus
506 603 584 627 esse
607 590 811 641 depulsos?
839 589 879 626 in
909 590 1004 636 foro,
1034 589 1132 635 luce,
1158 589 1391 639 inspectante

283 643 426 692 populo
458 643 649 691 Romano,
681 643 941 694 quaestionem,
965 643 1221 693 magistratus,
1244 653 1389 679 morem

282 696 488 744 majorum,
508 697 623 747 leges,
641 697 800 746 judices,
821 697 1002 735 scelerum
1032 708 1184 747 poenam
1204 708 1283 732 esse
1301 695 1392 732 sub-

282 748 432 787 latam?
461 749 541 788 haec
560 750 688 788 omnia
707 750 846 788 sciasne
858 750 1053 801 diligentia
1068 750 1112 787 C.
1127 748 1307 786 Memmii
1318 760 1392 799 pu-

282 802 389 840 blicis
405 804 542 841 tabulis
557 817 634 841 esse
653 811 781 842 notata
799 812 913 855 atque
932 810 1065 842 testata
1078 805 1096 840 Ρ

336 856 470 907 Atque
486 857 585 894 111οᾶ
596 858 709 895 etiam
722 871 864 908 quaero,
882 871 984 906 811111,
997 864 1244 908 posteaquam
1256 868 1293 893 es
1305 868 1391 906 pos-

283 910 440 958 tulatus,
470 924 516 948 ex
542 912 727 961 legatione
746 911 911 959 redieris,
938 924 987 949 ne
1006 910 1090 961 quis
1110 918 1146 948 te
1165 909 1309 959 judicia
1326 909 1391 946 de-

282 963 412 1013 fugere
431 965 698 1011 arbitraretur3
728 972 840 1016 teque
866 968 971 1008 (cum
996 964 1079 1011 tibi,
1111 971 1242 1001 utrum
1261 963 1389 1009 velles,

281 1016 425 1064 1188181)
452 1018 633 1056 dictitaris
659 1031 811 1056 causam
836 1018 956 1056 dicere
979 1018 1183 1062 maluisse3
1214 1017 1282 1068 qui
1302 1028 1391 1053 con-

281 1077 502 1108 sentaneum
522 1072 649 1120 fuerit,
677 1085 764 1110 cum
789 1072 986 1122 legationis
1004 1070 1177 1122 perfugio
1195 1069 1253 1107 uti
1279 1069 1391 1107 nolu-

281 1124 386 1171 isses,
410 1125 661 1176 appellatione
689 1125 972 1177 improbissima
995 1132 1033 1163 te
1051 1125 1100 1164 ad
1119 1123 1308 1161 auxilium
1326 1135 1393 1160 ne-

280 1177 421 1214 farium
440 1179 650 1229 confugisse
667 1182 684 1218 Ρ

334 1231 428 1269 XV.
457 1232 525 1281 Et,
542 1232 723 1283 quoniam
742 1233 939 1284 legationis
959 1240 1035 1271 tuae
1047 1233 1147 1270 facta
1164 1231 1307 1269 mentio
1319 1237 1388 1278 est,

279 1285 364 1321 volo
383 1285 497 1322 etiam
513 1286 642 1324 audire
661 1287 707 1324 de
724 1294 775 1334 te,
792 1300 869 1337 quo
887 1287 1042 1324 tandem
1053 1284 1392 1324 senatus-consulto

280 1337 426 1387 legatus
445 1339 516 1377 sis.
508 1341 525 1365 ⁹
554 1339 601 1377 de
625 1347 732 1390 gestu
751 1341 922 1390 intelligo
941 1339 1034 1390 quid
1052 1338 1298 1390 respondeas·
1324 1335 1391 1375 tua

279 1390 376 1440 lege,
397 1391 499 1429 dicis.
529 1392 633 1430 Esne
651 1393 767 1443 igitur
784 1394 916 1443 patriae
927 1393 1155 1430 certissimus
1172 1391 1389 1442 parricida?

280 1447 503 1494 sperabasne
521 1446 574 1492 id,
595 1453 638 1483 ut
656 1453 781 1497 patres
800 1446 998 1496 conscripti
1017 1459 1063 1484 ex
1088 1444 1283 1496 republica
1301 1444 1391 1482 fun-

281 1497 382 1535 ditus
403 1499 648 1536 tollerentur?
690 1501 752 1537 Ne
770 1500 841 1536 hoc
860 1499 1015 1550 quidem
1038 1498 1184 1536 senatui
1202 1498 1392 1548 relinque-

279 1551 360 1597 bas,
383 1552 502 1602 (quod
520 1565 632 1590 nemo
657 1565 830 1604 unquam
852 1553 1009 1599 ademit)
1035 1560 1079 1589 ut
1105 1551 1222 1602 legati
1241 1564 1288 1588 ex
1307 1552 1389 1600 ejus

279 1605 420 1642 ordinis
432 1606 650 1644 auctoritate
663 1607 877 1657 legarentur
890 1609 907 1644 ?
936 1606 1097 1644 Adeone
1111 1605 1181 1643 tibi
1195 1604 1390 1642 sordidum

281 1658 479 1695 consilium
498 1660 696 1710 publicum
712 1661 835 1698 visum
850 1668 918 1708 est,
939 1660 1032 1697 adeo
1050 1659 1211 1697 afflictus
1223 1666 1388 1705 senatus,

280 1711 372 1749 adeo
390 1712 527 1749 misera
545 1720 581 1750 et
598 1720 782 1764 prostrata
805 1713 1031 1764 respublica,
1057 1720 1101 1750 ut
1129 1724 1206 1750 non
1235 1710 1389 1749 nuntios

279 1764 381 1814 pacis
411 1778 453 1802 ac
481 1766 584 1811 belli,
616 1779 692 1804 non
721 1774 920 1814 curatores,
947 1779 1024 1805 non
1048 1766 1283 1816 interpretes,
1312 1776 1389 1802 non

280 1818 404 1856 bellici
423 1820 566 1856 consilii
595 1830 775 1867 auctores,
806 1833 881 1858 non
907 1820 1098 1858 ministros
1115 1818 1284 1856 muneris
1301 1830 1388 1869 pro-

280 1871 462 1919 vincialis,
495 1880 643 1910 senatus
676 1887 779 1912 more
814 1875 1006 1922 majorum
1037 1873 1200 1923 deligere
1230 1873 1386 1922 posset?

279 1924 487 1976 Eripueras
506 1927 650 1964 senatui
669 1928 870 1977 provinciae
888 1926 1130 1965 decernendae
1148 1932 1387 1976 potestatem,

279 1978 514 2028 imperatoris
543 1980 731 2030 deligendi
756 1981 959 2029 judicium,
991 1979 1111 2017 aerarii
1141 1977 1387 2028 dispensatio-

278 2043 391 2077 118111;
423 2046 508 2083 quae
532 2045 730 2084 nunquam
750 2034 821 2071 sibi
839 2034 1003 2084 populus
1023 2034 1222 2070 Romanus
1241 2030 1386 2082 appeti-

280 2084 346 2130 vit,
369 2087 436 2136 qui
454 2098 651 2137 nunquam
670 2087 750 2125 haec
762 2101 784 2124 a
799 2087 941 2124 summi
960 2086 1104 2124 consilii
1116 2084 1387 2135 gubernatione

278 2138 425 2176 auferre
443 2147 598 2177 conatus
617 2147 682 2178 est.
711 2141 824 2191 Age:
854 2140 999 2178 factum
1019 2146 1076 2177 est
1092 2139 1231 2176 horum
1242 2136 1387 2188 aliquid

277 2190 318 2228 in
338 2191 443 2230 aliis.
474 2206 580 2232 lato:
611 2193 676 2232 sed.
694 2200 820 2232 tamen
840 2193 984 2232 factum
999 2199 1068 2242 est,
1083 2199 1128 2230 ut
1141 2191 1306 2243 populus
1321 2189 1386 2228 de-
