1435 2328
248 87 301 129 98
443 86 586 128 POST
614 85 888 127 REDITUM
918 85 953 127 1,
982 86 1087 127 CAP.
1117 87 1158 126 6.

246 204 372 244 neque
389 194 512 233 solum
531 195 572 234 id
598 194 708 244 dixit,
730 194 808 244 sed,
831 207 927 247 quos
945 195 980 234 ei
1002 192 1248 234 commodum
1262 192 1353 243 fuit,

247 248 513 298 compellavit:
544 249 593 288 L.
613 262 701 288 vero
720 249 913 297 Lamiam,
934 249 1101 300 equitem
1115 248 1354 295 Romanum,

247 302 442 351 praestanti
460 302 642 353 dignitate
663 303 873 349 hominem,
899 310 936 340 et
954 302 1067 340 saluti
1087 314 1183 340 meae
1211 300 1358 352 pro'fa-

247 354 478 403 miliaritate,
509 356 725 408 reipublicae
756 369 825 408 pro
854 356 1016 394 fortunis
1046 356 1138 403 suis,
1175 354 1359 393 amicissi-

250 420 375 457 mum,
397 411 528 448 consul
542 410 767 462 imperiosus
786 410 887 448 exire
905 410 1012 448 Urbe
1027 409 1142 459 jussit
1154 423 1166 446 ε
1196 416 1247 456 et,
1267 420 1357 446 cum

249 474 316 499 vos
335 473 476 501 vestem
495 464 721 502 mutandam
740 463 986 510 censuissetis,
1001 463 1201 514 cunctique
1213 462 1362 500 mutas-

251 515 353 564 setis,
383 524 497 568 atque
526 518 628 555 idem
656 530 787 555 omnes
817 517 907 556 boni
934 517 1016 566 jam
1042 523 1129 554 ante
1158 516 1357 561 fecissent3

249 568 331 617 ille,
361 572 566 621 unguentis
595 571 749 619 oblitus,
776 584 865 609 cum
894 571 984 621 toga
1012 570 1210 621 praetexta,
1242 581 1361 620 quam

251 635 383 661 omnes
413 633 590 674 praetores
627 625 828 676 aedilesque
859 601 958 662 tumn
979 625 1206 684 abjecerant,
1243 622 1362 660 irrisit

251 677 465 727 squalorem
485 686 666 726 vestrum,
697 687 734 716 et
755 679 903 716 luctum
928 677 1150 728 gratissimae
1174 676 1334 715 civitatis
1347 689 1360 713 x

248 729 431 781 fecitque,
453 731 555 782 quod
574 744 686 769 nemo
707 744 877 782 unquam
900 738 1100 782 tyrannus,
1130 738 1188 778 ut,
1210 730 1364 781 quomi-

251 795 325 821 nus
344 785 488 822 occulte
507 792 675 823 vestrum
693 786 841 823 malum
859 784 1072 836 gemeretis,
1093 784 1190 822 nihil
1208 784 1360 831 diceret,

253 849 303 875 ne
321 846 449 888 aperte
466 838 708 877 incommoda
725 838 857 890 patriae
875 838 1067 889 lugeretis,
1087 838 1256 876 ediceret.

308 891 383 929 VI.
414 892 516 930 Cum
534 906 622 930 vero
649 893 690 930 in
710 893 819 931 Circo
844 892 1050 939 Flaminio,
1074 904 1151 930 non
1170 905 1193 930 a
1211 891 1365 929 tribuno

252 945 374 996 plebis
394 947 553 983 consul
542 959 582 983 m
602 947 833 993 concionem,
849 946 914 984 sed
927 959 949 983 a
961 946 1105 983 latrone
1124 945 1364 1006 archipirata,

252 999 459 1051 productus
478 1007 597 1045 esset3
627 1000 798 1051 primum
823 999 1016 1051 processit,
1044 1012 1122 1050 qua
1143 999 1365 1037 auctoritate

252 1053 336 1091 vir!
368 1053 460 1100 vini,
483 1054 620 1102 somni,
637 1055 758 1105 stupri
775 1054 926 1105 plenus,
941 1052 1110 1091 madenti
1124 1052 1247 1099 coma,
1263 1065 1367 1091 com-

253 1106 377 1157 posito
414 1108 562 1158 capillo,
602 1109 780 1159 gravibus
815 1107 948 1155 oculis,
981 1107 1188 1144 fluentibus
1219 1106 1363 1154 buccis,

253 1173 383 1210 pressa
401 1173 490 1199 voce
509 1168 546 1199 et
565 1162 799 1206 temulenta3
830 1160 961 1212 quod
950 1172 990 1198 111
1009 1160 1106 1199 cives
1124 1160 1364 1198 indemnatos

254 1221 349 1251 esset
368 1214 688 1262 animadversum,
704 1215 744 1252 id
763 1214 835 1252 sibi
847 1214 945 1251 dixit
962 1214 1086 1264 gravis
1104 1221 1234 1252 auctor
1252 1214 1366 1252 vehe-

253 1267 486 1305 mentissime
500 1268 705 1319 displicere.
736 1269 817 1307 Ubi
827 1268 935 1306 nobis
949 1268 1029 1305 haec
1048 1267 1250 1305 auctoritas
1265 1274 1366 1305 tam-

251 1320 319 1358 diu
338 1328 445 1358 tanta
460 1321 573 1359 latuit
587 1325 604 1360 ?
637 1335 704 1359 cur
722 1322 762 1359 in
776 1321 904 1360 lustris
924 1328 960 1359 et
977 1320 1273 1359 helluationibus
1291 1321 1366 1359 hu-

246 1374 311 1422 jus
331 1375 574 1412 calamistrati
594 1376 778 1413 saltatoris
802 1383 883 1413 tam
906 1374 1046 1412 eximia
1069 1375 1189 1413 virtus
1215 1374 1364 1413 tamdiu

253 1427 441 1466 cessavit?
472 1428 580 1466 Nam
598 1429 663 1467 ille
688 1430 795 1477 alter,
817 1428 1039 1467 Caesoninus
1059 1427 1294 1476 Calventius,
1315 1430 1364 1466 ab

188 1481 192 1485 “
251 1480 501 1519 adolescenti&¹
532 1490 699 1521 versatus
723 1490 777 1521 est
801 1483 842 1520 in
871 1482 966 1530 foro,
987 1495 1077 1520 cum
1100 1495 1204 1530 eum,
1230 1489 1367 1533 praeter

252 1534 471 1573 simulatam
500 1543 767 1588 versutamque
799 1535 1007 1583 tristitiam,
1040 1535 1148 1574 nulla
1179 1549 1239 1574 res
1261 1548 1366 1574 com-

252 1588 477 1634 mendaret,
508 1601 584 1627 non
600 1590 696 1639 juris
722 1590 908 1638 studium,
928 1601 1005 1626 non
1032 1589 1194 1637 dicendi,
1214 1601 1291 1628 non
1312 1589 1367 1627 rei

250 1641 438 1688 militaris,
460 1655 536 1681 non
559 1644 904 1694 cognoscendorum
928 1642 1146 1690 hominum,
1175 1655 1253 1681 non
1271 1643 1368 1681 libe-

248 1695 389 1733 ralitas.
420 1695 551 1743 Quem
569 1697 786 1748 praeteriens
812 1709 902 1736 cum
926 1696 1130 1743 incultum,
1150 1696 1365 1744 horridum,

251 1757 506 1801 moestumque
536 1750 715 1796 vidisses3
745 1750 893 1789 etiamsi
915 1758 1100 1801 agrestem
1126 1757 1164 1788 et
1187 1750 1368 1788 inhuma-

250 1813 347 1839 num
367 1803 613 1853 existimares,
630 1812 759 1843 tamen
772 1804 1019 1843 libidinosum
1034 1811 1072 1842 et
1084 1803 1276 1855 perditum
1291 1816 1369 1842 non

249 1862 417 1908 putares.

306 1909 408 1948 Cum
427 1910 498 1949 hoc
527 1911 696 1958 homine,
720 1924 770 1950 an
796 1924 885 1950 cum
905 1912 1031 1964 stipite
1049 1911 1249 1973 AEthiope,
1270 1910 1304 1949 si
1327 1910 1369 1949 in

249 1963 332 2002 foro
351 1964 591 2011 constitisses,
609 1965 706 2003 nihil
720 1965 887 2004 crederes
906 1967 1110 2004 interesse.
1142 1965 1222 2004 sine
1240 1977 1368 2013 sensu,

251 2017 332 2055 sine
351 2030 495 2068 sapore,
517 2019 682 2070 elingue,
698 2019 867 2067 tardum,
880 2020 1139 2058 inhumanum
1157 2018 1367 2069 negotium.

252 2071 521 2122 Cappadocem
539 2073 654 2111 modo
673 2075 875 2124 abreptum
896 2074 942 2112 de
964 2086 1078 2124 grege
1097 2072 1291 2111 venalium
1309 2071 1369 2109 di-

248 2137 360 2163 88185.
390 2125 502 2164 Idem
530 2126 635 2164 domi
661 2139 779 2178 quam
804 2126 1059 2165 libidinosus!
1091 2139 1209 2177 quam
1237 2125 1369 2176 impu-

243 2177 329 2220 ms!
346 2191 463 2231 quam
479 2180 756 2233 intemperans!
772 2192 848 2220 non
860 2181 983 2232 janua
994 2179 1168 2232 receptis,
1180 2179 1245 2219 sed
1255 2191 1370 2232 pseu·
