<?xml version="1.0" encoding="UTF-8"?>
<!DOCTYPE html PUBLIC "-//W3C//DTD XHTML 1.0 Transitional//EN"
    "http://www.w3.org/TR/xhtml1/DTD/xhtml1-transitional.dtd">
<html xmlns="http://www.w3.org/1999/xhtml" xml:lang="en" lang="en">
 <head>
  <title>
</title>
<meta http-equiv="Content-Type" content="text/html;charset=utf-8" />
  <meta name='ocr-system' content='tesseract 3.04.00' />
  <meta name='ocr-capabilities' content='ocr_page ocr_carea ocr_par ocr_line ocrx_word'/>
</head>
<body>
  <div class='ocr_page' id='page_1' title='image "./operaern07ciceuoft_0123.png"; bbox 0 0 1425 2334; ppageno 0'>
   <div class='ocr_carea' id='block_1_1' title="bbox 258 90 1172 132">
    <p class='ocr_par' dir='ltr' id='par_1_1' title="bbox 258 90 1172 132">
     <span class='ocr_line' id='line_1_1' title="bbox 258 90 1172 132; baseline 0.001 -2"><span class='ocrx_word' id='word_1_1' title='bbox 258 91 399 132; x_wconf 84' lang='lat' dir='ltr'>POST</span> <span class='ocrx_word' id='word_1_2' title='bbox 429 90 699 131; x_wconf 90' lang='lat' dir='ltr'><strong>REDITUM</strong></span> <span class='ocrx_word' id='word_1_3' title='bbox 732 90 766 129; x_wconf 90' lang='lat' dir='ltr'><strong>I.</strong></span> <span class='ocrx_word' id='word_1_4' title='bbox 796 91 898 130; x_wconf 76' lang='lat' dir='ltr'><strong>CAP.</strong></span> <span class='ocrx_word' id='word_1_5' title='bbox 924 93 984 130; x_wconf 82' lang='lat'><strong>15.</strong></span> <span class='ocrx_word' id='word_1_6' title='bbox 1098 94 1172 131; x_wconf 82' lang='lat'><strong>109</strong></span> 
     </span>
    </p>
   </div>
   <div class='ocr_carea' id='block_1_2' title="bbox 65 197 1199 1742">
    <p class='ocr_par' dir='ltr' id='par_1_2' title="bbox 70 197 1175 408">
     <span class='ocr_line' id='line_1_2' title="bbox 70 197 1173 250; baseline 0.003 -16"><span class='ocrx_word' id='word_1_7' title='bbox 70 203 219 246; x_wconf 87' lang='lat' dir='ltr'><strong>tunam,</strong></span> <span class='ocrx_word' id='word_1_8' title='bbox 239 206 354 250; x_wconf 88' lang='lat' dir='ltr'><strong>atque</strong></span> <span class='ocrx_word' id='word_1_9' title='bbox 367 199 468 237; x_wconf 88' lang='lat' dir='ltr'><strong>idem</strong></span> <span class='ocrx_word' id='word_1_10' title='bbox 487 198 558 237; x_wconf 88' lang='lat' dir='ltr'>sibi</span> <span class='ocrx_word' id='word_1_11' title='bbox 571 197 807 236; x_wconf 82' lang='lat' dir='ltr'><strong>domicilium</strong></span> <span class='ocrx_word' id='word_1_12' title='bbox 826 206 863 236; x_wconf 91' lang='lat' dir='ltr'><strong>et</strong></span> <span class='ocrx_word' id='word_1_13' title='bbox 881 199 967 236; x_wconf 88' lang='lat' dir='ltr'><strong>vitae</strong></span> <span class='ocrx_word' id='word_1_14' title='bbox 986 206 1023 236; x_wconf 89' lang='lat' dir='ltr'><strong>et</strong></span> <span class='ocrx_word' id='word_1_15' title='bbox 1042 198 1173 238; x_wconf 85' lang='lat' dir='ltr'><strong>mortis</strong></span> 
     </span>
     <span class='ocr_line' id='line_1_3' title="bbox 71 249 1175 312; baseline 0.002 -24"><span class='ocrx_word' id='word_1_16' title='bbox 71 249 309 312; x_wconf 78' lang='lat' dir='ltr'><strong>deposceret3</strong></span> <span class='ocrx_word' id='word_1_17' title='bbox 330 260 456 290; x_wconf 84' lang='lat' dir='ltr'><strong>tamen</strong></span> <span class='ocrx_word' id='word_1_18' title='bbox 469 254 667 303; x_wconf 78' lang='lat' dir='ltr'><strong>nunquam</strong></span> <span class='ocrx_word' id='word_1_19' title='bbox 679 264 747 289; x_wconf 90' lang='lat' dir='ltr'><strong>nec</strong></span> <span class='ocrx_word' id='word_1_20' title='bbox 758 251 1060 312; x_wconf 85' lang='lat' dir='ltr'><strong>magnitudinem</strong></span> <span class='ocrx_word' id='word_1_21' title='bbox 1083 265 1175 302; x_wconf 83' lang='lat' dir='ltr'><strong>neg-</strong></span> 
     </span>
     <span class='ocr_line' id='line_1_4' title="bbox 70 304 1174 354; baseline 0.001 -12"><span class='ocrx_word' id='word_1_22' title='bbox 70 304 150 351; x_wconf 89' lang='lat' dir='ltr'><strong>otii,</strong></span> <span class='ocrx_word' id='word_1_23' title='bbox 171 316 238 343; x_wconf 84' lang='lat' dir='ltr'><strong>nec</strong></span> <span class='ocrx_word' id='word_1_24' title='bbox 257 305 497 343; x_wconf 77' lang='lat' dir='ltr'><strong>solitudinem</strong></span> <span class='ocrx_word' id='word_1_25' title='bbox 526 318 648 354; x_wconf 88' lang='lat' dir='ltr'><strong>suam,</strong></span> <span class='ocrx_word' id='word_1_26' title='bbox 674 317 742 342; x_wconf 91' lang='lat' dir='ltr'><strong>nec</strong></span> <span class='ocrx_word' id='word_1_27' title='bbox 766 305 844 343; x_wconf 89' lang='lat' dir='ltr'><strong>vim</strong></span> <span class='ocrx_word' id='word_1_28' title='bbox 873 305 1110 343; x_wconf 86' lang='lat' dir='ltr'><strong>inimicorum</strong></span> <span class='ocrx_word' id='word_1_29' title='bbox 1131 318 1174 343; x_wconf 82' lang='lat' dir='ltr'><strong>ac</strong></span> 
     </span>
     <span class='ocr_line' id='line_1_5' title="bbox 71 357 387 408; baseline 0.007 -14"><span class='ocrx_word' id='word_1_30' title='bbox 71 357 160 403; x_wconf 84' lang='lat' dir='ltr'><strong>tela,</strong></span> <span class='ocrx_word' id='word_1_31' title='bbox 181 358 387 408; x_wconf 85' lang='lat' dir='ltr'><strong>pertimuit.</strong></span> 
     </span>
    </p>

    <p class='ocr_par' dir='ltr' id='par_1_3' title="bbox 65 411 1199 1742">
     <span class='ocr_line' id='line_1_6' title="bbox 122 411 1173 463; baseline 0.001 -15"><span class='ocrx_word' id='word_1_32' title='bbox 122 411 235 449; x_wconf 86' lang='lat' dir='ltr'>Alter</span> <span class='ocrx_word' id='word_1_33' title='bbox 252 411 326 449; x_wconf 86' lang='lat' dir='ltr'><strong>fuit</strong></span> <span class='ocrx_word' id='word_1_34' title='bbox 338 419 596 463; x_wconf 81' lang='lat' dir='ltr'>propugnator</span> <span class='ocrx_word' id='word_1_35' title='bbox 606 424 778 449; x_wconf 85' lang='lat' dir='ltr'><strong>mearum</strong></span> <span class='ocrx_word' id='word_1_36' title='bbox 790 411 1044 456; x_wconf 82' lang='lat' dir='ltr'><strong>fortunarum,</strong></span> <span class='ocrx_word' id='word_1_37' title='bbox 1058 420 1094 449; x_wconf 90' lang='lat' dir='ltr'><strong>et</strong></span> <span class='ocrx_word' id='word_1_38' title='bbox 1109 412 1173 449; x_wconf 88' lang='lat' dir='ltr'><strong>de-</strong></span> 
     </span>
     <span class='ocr_line' id='line_1_7' title="bbox 72 463 1172 515; baseline 0.002 -15"><span class='ocrx_word' id='word_1_39' title='bbox 72 463 196 502; x_wconf 87' lang='lat' dir='ltr'><strong>fensor</strong></span> <span class='ocrx_word' id='word_1_40' title='bbox 217 465 402 511; x_wconf 84' lang='lat' dir='ltr'><strong>assiduus,</strong></span> <span class='ocrx_word' id='word_1_41' title='bbox 434 466 586 503; x_wconf 59' lang='lat' dir='ltr'><strong>summa</strong></span> <span class='ocrx_word' id='word_1_42' title='bbox 605 465 742 503; x_wconf 83' lang='lat' dir='ltr'><strong>virtute</strong></span> <span class='ocrx_word' id='word_1_43' title='bbox 766 471 802 502; x_wconf 87' lang='lat' dir='ltr'><strong>et</strong></span> <span class='ocrx_word' id='word_1_44' title='bbox 826 464 977 515; x_wconf 81' lang='lat' dir='ltr'><strong>pietate,</strong></span> <span class='ocrx_word' id='word_1_45' title='bbox 1004 464 1047 502; x_wconf 90' lang='lat' dir='ltr'><strong>C.</strong></span> <span class='ocrx_word' id='word_1_46' title='bbox 1070 465 1172 512; x_wconf 87' lang='lat' dir='ltr'><strong>Piso,</strong></span> 
     </span>
     <span class='ocr_line' id='line_1_8' title="bbox 65 517 1174 569; baseline 0.001 -15"><span class='ocrx_word' id='word_1_47' title='bbox 65 529 204 567; x_wconf 67' lang='lat' dir='ltr'><strong>gener:</strong></span> <span class='ocrx_word' id='word_1_48' title='bbox 235 518 301 569; x_wconf 88' lang='lat' dir='ltr'><strong>qui</strong></span> <span class='ocrx_word' id='word_1_49' title='bbox 319 518 442 556; x_wconf 86' lang='lat' dir='ltr'><strong>minas</strong></span> <span class='ocrx_word' id='word_1_50' title='bbox 462 519 701 556; x_wconf 87' lang='lat' dir='ltr'><strong>inimicorum</strong></span> <span class='ocrx_word' id='word_1_51' title='bbox 719 530 906 565; x_wconf 89' lang='lat' dir='ltr'><strong>meorum,</strong></span> <span class='ocrx_word' id='word_1_52' title='bbox 928 518 994 568; x_wconf 89' lang='lat' dir='ltr'><strong>qui</strong></span> <span class='ocrx_word' id='word_1_53' title='bbox 1012 517 1174 556; x_wconf 88' lang='lat' dir='ltr'><strong>inimici-</strong></span> 
     </span>
     <span class='ocr_line' id='line_1_9' title="bbox 71 569 1176 623; baseline 0.002 -17"><span class='ocrx_word' id='word_1_54' title='bbox 71 569 142 607; x_wconf 88' lang='lat' dir='ltr'><strong>tias</strong></span> <span class='ocrx_word' id='word_1_55' title='bbox 161 570 283 608; x_wconf 88' lang='lat' dir='ltr'><strong>affinis</strong></span> <span class='ocrx_word' id='word_1_56' title='bbox 310 571 399 618; x_wconf 86' lang='lat' dir='ltr'><strong>mei,</strong></span> <span class='ocrx_word' id='word_1_57' title='bbox 420 572 624 623; x_wconf 87' lang='lat' dir='ltr'><strong>propinqui</strong></span> <span class='ocrx_word' id='word_1_58' title='bbox 643 572 715 617; x_wconf 90' lang='lat' dir='ltr'><strong>sui,</strong></span> <span class='ocrx_word' id='word_1_59' title='bbox 746 571 964 617; x_wconf 75' lang='lat' dir='ltr'><strong>consularis,</strong></span> <span class='ocrx_word' id='word_1_60' title='bbox 986 571 1052 622; x_wconf 92' lang='lat' dir='ltr'><strong>qui</strong></span> <span class='ocrx_word' id='word_1_61' title='bbox 1073 571 1176 609; x_wconf 90' lang='lat' dir='ltr'><strong>Pon-</strong></span> 
     </span>
     <span class='ocr_line' id='line_1_10' title="bbox 71 624 1173 676; baseline 0.003 -17"><span class='ocrx_word' id='word_1_62' title='bbox 71 629 155 660; x_wconf 87' lang='lat' dir='ltr'><strong>tum</strong></span> <span class='ocrx_word' id='word_1_63' title='bbox 175 631 212 660; x_wconf 92' lang='lat' dir='ltr'><strong>et</strong></span> <span class='ocrx_word' id='word_1_64' title='bbox 226 625 450 675; x_wconf 79' lang='lat' dir='ltr'><strong>Bithyniam</strong></span> <span class='ocrx_word' id='word_1_65' title='bbox 469 632 645 676; x_wconf 79' lang='lat' dir='ltr'><strong>quaestor,</strong></span> <span class='ocrx_word' id='word_1_66' title='bbox 665 635 733 675; x_wconf 85' lang='lat' dir='ltr'><strong>pro</strong></span> <span class='ocrx_word' id='word_1_67' title='bbox 745 624 831 661; x_wconf 66' lang='lat' dir='ltr'><strong>mea</strong></span> <span class='ocrx_word' id='word_1_68' title='bbox 846 625 979 671; x_wconf 87' lang='lat' dir='ltr'><strong>salute,</strong></span> <span class='ocrx_word' id='word_1_69' title='bbox 995 624 1173 675; x_wconf 84' lang='lat' dir='ltr'><strong>neglexit.</strong></span> 
     </span>
     <span class='ocr_line' id='line_1_11' title="bbox 71 676 1176 729; baseline 0.002 -16"><span class='ocrx_word' id='word_1_70' title='bbox 71 676 183 714; x_wconf 93' lang='lat' dir='ltr'><strong>Nihil</strong></span> <span class='ocrx_word' id='word_1_71' title='bbox 202 690 373 729; x_wconf 88' lang='lat' dir='ltr'><strong>unquam</strong></span> <span class='ocrx_word' id='word_1_72' title='bbox 392 686 542 716; x_wconf 85' lang='lat' dir='ltr'><strong>senatus</strong></span> <span class='ocrx_word' id='word_1_73' title='bbox 557 678 602 715; x_wconf 88' lang='lat' dir='ltr'><strong>de</strong></span> <span class='ocrx_word' id='word_1_74' title='bbox 622 679 667 715; x_wconf 91' lang='lat' dir='ltr'><strong>P.</strong></span> <span class='ocrx_word' id='word_1_75' title='bbox 685 678 849 728; x_wconf 86' lang='lat' dir='ltr'><strong>Popillio</strong></span> <span class='ocrx_word' id='word_1_76' title='bbox 869 677 1055 722; x_wconf 81' lang='lat' dir='ltr'><strong>decrevit3</strong></span> <span class='ocrx_word' id='word_1_77' title='bbox 1076 690 1176 715; x_wconf 91' lang='lat' dir='ltr'><strong>nun-</strong></span> 
     </span>
     <span class='ocr_line' id='line_1_12' title="bbox 70 731 1174 780; baseline 0.002 -14"><span class='ocrx_word' id='word_1_78' title='bbox 70 742 189 780; x_wconf 85' lang='lat' dir='ltr'><strong>quam</strong></span> <span class='ocrx_word' id='word_1_79' title='bbox 217 731 256 767; x_wconf 90' lang='lat' dir='ltr'><strong>in</strong></span> <span class='ocrx_word' id='word_1_80' title='bbox 286 731 357 769; x_wconf 86' lang='lat' dir='ltr'><strong>hoc</strong></span> <span class='ocrx_word' id='word_1_81' title='bbox 386 731 515 769; x_wconf 89' lang='lat' dir='ltr'><strong>ordine</strong></span> <span class='ocrx_word' id='word_1_82' title='bbox 545 732 595 779; x_wconf 91' lang='lat' dir='ltr'><strong>Q.</strong></span> <span class='ocrx_word' id='word_1_83' title='bbox 618 731 768 768; x_wconf 83' lang='lat' dir='ltr'><strong>Metelli</strong></span> <span class='ocrx_word' id='word_1_84' title='bbox 796 731 938 768; x_wconf 85' lang='lat' dir='ltr'><strong>mentio</strong></span> <span class='ocrx_word' id='word_1_85' title='bbox 968 731 1066 768; x_wconf 88' lang='lat' dir='ltr'><strong>facta</strong></span> <span class='ocrx_word' id='word_1_86' title='bbox 1107 739 1174 768; x_wconf 86' lang='lat' dir='ltr'><strong>est.</strong></span> 
     </span>
     <span class='ocr_line' id='line_1_13' title="bbox 72 782 1176 834; baseline 0.002 -15"><span class='ocrx_word' id='word_1_87' title='bbox 72 782 304 822; x_wconf 80' lang='lat' dir='ltr'><strong>&#39;l&#39;ribuniciis</strong></span> <span class='ocrx_word' id='word_1_88' title='bbox 335 792 424 822; x_wconf 88' lang='lat' dir='ltr'><strong>sunt</strong></span> <span class='ocrx_word' id='word_1_89' title='bbox 454 785 510 822; x_wconf 90' lang='lat' dir='ltr'><strong>illi</strong></span> <span class='ocrx_word' id='word_1_90' title='bbox 535 784 806 834; x_wconf 83' lang='lat' dir='ltr'><strong>rogationibus,</strong></span> <span class='ocrx_word' id='word_1_91' title='bbox 826 783 1030 821; x_wconf 83' lang='lat' dir='ltr'><strong>interfectis</strong></span> <span class='ocrx_word' id='word_1_92' title='bbox 1048 784 1176 821; x_wconf 86' lang='lat' dir='ltr'><strong>inimi-</strong></span> 
     </span>
     <span class='ocr_line' id='line_1_14' title="bbox 70 836 1173 888; baseline 0 -14"><span class='ocrx_word' id='word_1_93' title='bbox 70 836 136 883; x_wconf 83' lang='lat' dir='ltr'><strong>cis,</strong></span> <span class='ocrx_word' id='word_1_94' title='bbox 156 836 318 888; x_wconf 89' lang='lat' dir='ltr'><strong>denique</strong></span> <span class='ocrx_word' id='word_1_95' title='bbox 336 838 443 875; x_wconf 60' lang='lat' dir='ltr'><strong>nulla</strong></span> <span class='ocrx_word' id='word_1_96' title='bbox 463 837 679 876; x_wconf 86' lang='lat' dir='ltr'><strong>auctoritate</strong></span> <span class='ocrx_word' id='word_1_97' title='bbox 694 839 856 883; x_wconf 67' lang='lat' dir='ltr'><strong>senattxs,</strong></span> <span class='ocrx_word' id='word_1_98' title='bbox 877 837 1063 881; x_wconf 70' lang='lat' dir='ltr'><strong>restitutig</strong></span> <span class='ocrx_word' id='word_1_99' title='bbox 1084 850 1173 875; x_wconf 85' lang='lat' dir='ltr'><strong>cum</strong></span> 
     </span>
     <span class='ocr_line' id='line_1_15' title="bbox 70 889 1173 941; baseline 0.002 -16"><span class='ocrx_word' id='word_1_100' title='bbox 70 889 165 926; x_wconf 89' lang='lat' dir='ltr'><strong>alter</strong></span> <span class='ocrx_word' id='word_1_101' title='bbox 189 903 319 928; x_wconf 86' lang='lat' dir='ltr'><strong>eorum</strong></span> <span class='ocrx_word' id='word_1_102' title='bbox 339 892 484 928; x_wconf 85' lang='lat' dir='ltr'><strong>senatui</strong></span> <span class='ocrx_word' id='word_1_103' title='bbox 509 890 706 941; x_wconf 84' lang='lat' dir='ltr'><strong>paruisset,</strong></span> <span class='ocrx_word' id='word_1_104' title='bbox 734 890 826 927; x_wconf 85' lang='lat' dir='ltr'><strong>alter</strong></span> <span class='ocrx_word' id='word_1_105' title='bbox 851 890 928 927; x_wconf 91' lang='lat' dir='ltr'><strong>vim</strong></span> <span class='ocrx_word' id='word_1_106' title='bbox 958 890 1173 941; x_wconf 86' lang='lat' dir='ltr'><strong>caedemque</strong></span> 
     </span>
     <span class='ocr_line' id='line_1_16' title="bbox 68 941 1174 995; baseline 0.002 -16"><span class='ocrx_word' id='word_1_107' title='bbox 68 941 238 992; x_wconf 87' lang='lat' dir='ltr'><strong>fugisset.</strong></span> <span class='ocrx_word' id='word_1_108' title='bbox 269 944 374 981; x_wconf 86' lang='lat' dir='ltr'><strong>Nam</strong></span> <span class='ocrx_word' id='word_1_109' title='bbox 390 944 433 982; x_wconf 82' lang='lat' dir='ltr'><strong>C.</strong></span> <span class='ocrx_word' id='word_1_110' title='bbox 450 944 604 995; x_wconf 89' lang='lat' dir='ltr'><strong>quidem</strong></span> <span class='ocrx_word' id='word_1_111' title='bbox 618 943 781 988; x_wconf 72' lang='lat' dir='ltr'><strong>Marius,</strong></span> <span class='ocrx_word' id='word_1_112' title='bbox 799 942 878 994; x_wconf 82' lang='lat' dir='ltr'><strong>qui,</strong></span> <span class='ocrx_word' id='word_1_113' title='bbox 892 943 962 980; x_wconf 87' lang='lat' dir='ltr'><strong>hac</strong></span> <span class='ocrx_word' id='word_1_114' title='bbox 973 943 1174 981; x_wconf 88' lang='lat' dir='ltr'><strong>hominum</strong></span> 
     </span>
     <span class='ocr_line' id='line_1_17' title="bbox 70 996 1176 1047; baseline 0.002 -15"><span class='ocrx_word' id='word_1_115' title='bbox 70 996 268 1044; x_wconf 67' lang='lat' dir='ltr'><strong>memoria,</strong></span> <span class='ocrx_word' id='word_1_116' title='bbox 288 997 421 1035; x_wconf 86' lang='lat' dir='ltr'><strong>tertius</strong></span> <span class='ocrx_word' id='word_1_117' title='bbox 443 1004 529 1035; x_wconf 86' lang='lat' dir='ltr'><strong>ante</strong></span> <span class='ocrx_word' id='word_1_118' title='bbox 556 1010 618 1035; x_wconf 84' lang='lat' dir='ltr'><strong>me</strong></span> <span class='ocrx_word' id='word_1_119' title='bbox 645 996 863 1042; x_wconf 84' lang='lat' dir='ltr'><strong>consularis,</strong></span> <span class='ocrx_word' id='word_1_120' title='bbox 884 1003 1104 1047; x_wconf 85' lang='lat' dir='ltr'><strong>tempestate</strong></span> <span class='ocrx_word' id='word_1_121' title='bbox 1123 997 1176 1034; x_wconf 68' lang='lat' dir='ltr'><strong>ci«</strong></span> 
     </span>
     <span class='ocr_line' id='line_1_18' title="bbox 69 1048 1174 1100; baseline 0.001 -14"><span class='ocrx_word' id='word_1_122' title='bbox 69 1048 136 1086; x_wconf 89' lang='lat' dir='ltr'><strong>vili</strong></span> <span class='ocrx_word' id='word_1_123' title='bbox 151 1050 331 1100; x_wconf 82' lang='lat' dir='ltr'><strong>expulsus</strong></span> <span class='ocrx_word' id='word_1_124' title='bbox 350 1058 418 1097; x_wconf 89' lang='lat' dir='ltr'><strong>est,</strong></span> <span class='ocrx_word' id='word_1_125' title='bbox 439 1063 514 1088; x_wconf 93' lang='lat' dir='ltr'><strong>non</strong></span> <span class='ocrx_word' id='word_1_126' title='bbox 534 1051 646 1088; x_wconf 80' lang='lat' dir='ltr'><strong>modo</strong></span> <span class='ocrx_word' id='word_1_127' title='bbox 663 1064 685 1087; x_wconf 88' lang='lat' dir='ltr'><strong>a</strong></span> <span class='ocrx_word' id='word_1_128' title='bbox 703 1057 835 1087; x_wconf 88' lang='lat' dir='ltr'><strong>senatu</strong></span> <span class='ocrx_word' id='word_1_129' title='bbox 854 1062 929 1086; x_wconf 91' lang='lat' dir='ltr'><strong>non</strong></span> <span class='ocrx_word' id='word_1_130' title='bbox 949 1057 1004 1087; x_wconf 81' lang='lat' dir='ltr'><strong>est</strong></span> <span class='ocrx_word' id='word_1_131' title='bbox 1022 1050 1174 1088; x_wconf 87' lang='lat' dir='ltr'><strong>restitu-</strong></span> 
     </span>
     <span class='ocr_line' id='line_1_19' title="bbox 70 1103 1199 1153; baseline 0 -15"><span class='ocrx_word' id='word_1_132' title='bbox 70 1108 145 1149; x_wconf 87' lang='lat' dir='ltr'><strong>tus,</strong></span> <span class='ocrx_word' id='word_1_133' title='bbox 167 1103 232 1140; x_wconf 90' lang='lat' dir='ltr'><strong>sed</strong></span> <span class='ocrx_word' id='word_1_134' title='bbox 254 1103 377 1141; x_wconf 88' lang='lat' dir='ltr'><strong>reditu</strong></span> <span class='ocrx_word' id='word_1_135' title='bbox 405 1116 473 1141; x_wconf 90' lang='lat' dir='ltr'><strong>suo</strong></span> <span class='ocrx_word' id='word_1_136' title='bbox 502 1111 674 1141; x_wconf 87' lang='lat' dir='ltr'><strong>senatum</strong></span> <span class='ocrx_word' id='word_1_137' title='bbox 695 1110 874 1141; x_wconf 84' lang='lat' dir='ltr'><strong>cunctum</strong></span> <span class='ocrx_word' id='word_1_138' title='bbox 893 1115 1000 1153; x_wconf 87' lang='lat' dir='ltr'><strong>paene</strong></span> <span class='ocrx_word' id='word_1_139' title='bbox 1025 1103 1173 1141; x_wconf 86' lang='lat' dir='ltr'><strong>delevit.</strong></span> <span class='ocrx_word' id='word_1_140' title='bbox 1195 1111 1199 1115; x_wconf 82' lang='lat'><em>·</em></span> 
     </span>
     <span class='ocr_line' id='line_1_20' title="bbox 70 1154 1177 1207; baseline 0.001 -15"><span class='ocrx_word' id='word_1_141' title='bbox 70 1154 194 1193; x_wconf 87' lang='lat' dir='ltr'><strong>Nulla</strong></span> <span class='ocrx_word' id='word_1_142' title='bbox 205 1156 252 1193; x_wconf 91' lang='lat' dir='ltr'><strong>de</strong></span> <span class='ocrx_word' id='word_1_143' title='bbox 265 1157 340 1194; x_wconf 88' lang='lat' dir='ltr'><strong>illis</strong></span> <span class='ocrx_word' id='word_1_144' title='bbox 355 1156 646 1207; x_wconf 83' lang='lat' dir='ltr'><strong>magistratuum</strong></span> <span class='ocrx_word' id='word_1_145' title='bbox 666 1155 872 1203; x_wconf 84' lang='lat' dir='ltr'><strong>consensio,</strong></span> <span class='ocrx_word' id='word_1_146' title='bbox 893 1156 999 1193; x_wconf 88' lang='lat' dir='ltr'><strong>nulla</strong></span> <span class='ocrx_word' id='word_1_147' title='bbox 1017 1156 1065 1193; x_wconf 87' lang='lat' dir='ltr'><strong>ad</strong></span> <span class='ocrx_word' id='word_1_148' title='bbox 1077 1169 1177 1194; x_wconf 89' lang='lat' dir='ltr'><strong>rem-</strong></span> 
     </span>
     <span class='ocr_line' id='line_1_21' title="bbox 68 1208 1175 1261; baseline 0.001 -15"><span class='ocrx_word' id='word_1_149' title='bbox 68 1209 262 1259; x_wconf 84' lang='lat' dir='ltr'><strong>publicam</strong></span> <span class='ocrx_word' id='word_1_150' title='bbox 291 1210 565 1248; x_wconf 88' lang='lat' dir='ltr'><strong>defendendam</strong></span> <span class='ocrx_word' id='word_1_151' title='bbox 590 1209 722 1261; x_wconf 84' lang='lat' dir='ltr'><strong>populi</strong></span> <span class='ocrx_word' id='word_1_152' title='bbox 752 1208 918 1246; x_wconf 88' lang='lat' dir='ltr'><strong>Romani</strong></span> <span class='ocrx_word' id='word_1_153' title='bbox 947 1210 1175 1256; x_wconf 82' lang='lat' dir='ltr'><strong>convocatio,</strong></span> 
     </span>
     <span class='ocr_line' id='line_1_22' title="bbox 69 1262 1179 1314; baseline 0.002 -16"><span class='ocrx_word' id='word_1_154' title='bbox 69 1262 200 1300; x_wconf 88' lang='lat' dir='ltr'><strong>nullus</strong></span> <span class='ocrx_word' id='word_1_155' title='bbox 219 1262 342 1301; x_wconf 83' lang='lat' dir='ltr'><strong>Italiae</strong></span> <span class='ocrx_word' id='word_1_156' title='bbox 359 1270 500 1310; x_wconf 83' lang='lat' dir='ltr'><strong>motus,</strong></span> <span class='ocrx_word' id='word_1_157' title='bbox 527 1264 634 1301; x_wconf 89' lang='lat' dir='ltr'><strong>nulla</strong></span> <span class='ocrx_word' id='word_1_158' title='bbox 661 1263 809 1301; x_wconf 79' lang='lat' dir='ltr'><strong>decreta</strong></span> <span class='ocrx_word' id='word_1_159' title='bbox 826 1262 1121 1314; x_wconf 88' lang='lat' dir='ltr'><strong>municipiorum</strong></span> <span class='ocrx_word' id='word_1_160' title='bbox 1140 1269 1179 1300; x_wconf 84' lang='lat' dir='ltr'><strong>et</strong></span> 
     </span>
     <span class='ocr_line' id='line_1_23' title="bbox 69 1315 1178 1363; baseline 0.002 -11"><span class='ocrx_word' id='word_1_161' title='bbox 69 1315 299 1354; x_wconf 79' lang='lat' dir='ltr'><strong>coloniarum</strong></span> <span class='ocrx_word' id='word_1_162' title='bbox 329 1316 564 1354; x_wconf 86' lang='lat' dir='ltr'><strong>exstiterunt.</strong></span> <span class='ocrx_word' id='word_1_163' title='bbox 594 1316 738 1363; x_wconf 86' lang='lat' dir='ltr'><strong>Quare,</strong></span> <span class='ocrx_word' id='word_1_164' title='bbox 762 1328 851 1353; x_wconf 89' lang='lat' dir='ltr'><strong>cum</strong></span> <span class='ocrx_word' id='word_1_165' title='bbox 869 1328 932 1353; x_wconf 90' lang='lat' dir='ltr'><strong>me</strong></span> <span class='ocrx_word' id='word_1_166' title='bbox 950 1323 1072 1354; x_wconf 86' lang='lat' dir='ltr'><strong>vestra</strong></span> <span class='ocrx_word' id='word_1_167' title='bbox 1089 1328 1178 1354; x_wconf 87' lang='lat' dir='ltr'><strong>auc-</strong></span> 
     </span>
     <span class='ocr_line' id='line_1_24' title="bbox 70 1369 1177 1421; baseline 0.001 -16"><span class='ocrx_word' id='word_1_168' title='bbox 70 1369 200 1406; x_wconf 86' lang='lat' dir='ltr'><strong>toritas</strong></span> <span class='ocrx_word' id='word_1_169' title='bbox 219 1370 437 1416; x_wconf 81' lang='lat' dir='ltr'><strong>arcessierit,</strong></span> <span class='ocrx_word' id='word_1_170' title='bbox 466 1370 633 1421; x_wconf 92' lang='lat' dir='ltr'><strong>populus</strong></span> <span class='ocrx_word' id='word_1_171' title='bbox 653 1370 852 1408; x_wconf 89' lang='lat' dir='ltr'><strong>Romanus</strong></span> <span class='ocrx_word' id='word_1_172' title='bbox 881 1369 1075 1416; x_wconf 61' lang='lat' dir='ltr'><strong>revocarit,</strong></span> <span class='ocrx_word' id='word_1_173' title='bbox 1099 1381 1177 1407; x_wconf 91' lang='lat' dir='ltr'><strong>res-</strong></span> 
     </span>
     <span class='ocr_line' id='line_1_25' title="bbox 70 1422 1177 1474; baseline 0 -15"><span class='ocrx_word' id='word_1_174' title='bbox 70 1422 225 1473; x_wconf 86' lang='lat' dir='ltr'><strong>publica</strong></span> <span class='ocrx_word' id='word_1_175' title='bbox 246 1423 473 1474; x_wconf 64' lang='lat' dir='ltr'><strong>implorarit,</strong></span> <span class='ocrx_word' id='word_1_176' title='bbox 496 1424 608 1461; x_wconf 90' lang='lat' dir='ltr'><strong>Italia</strong></span> <span class='ocrx_word' id='word_1_177' title='bbox 627 1429 762 1461; x_wconf 87' lang='lat' dir='ltr'><strong>cuncta</strong></span> <span class='ocrx_word' id='word_1_178' title='bbox 779 1434 886 1473; x_wconf 88' lang='lat' dir='ltr'><strong>paene</strong></span> <span class='ocrx_word' id='word_1_179' title='bbox 911 1422 989 1460; x_wconf 90' lang='lat' dir='ltr'><strong>suis</strong></span> <span class='ocrx_word' id='word_1_180' title='bbox 1007 1422 1177 1460; x_wconf 86' lang='lat' dir='ltr'><strong>humeris</strong></span> 
     </span>
     <span class='ocr_line' id='line_1_26' title="bbox 70 1475 1180 1527; baseline -0.001 -15"><span class='ocrx_word' id='word_1_181' title='bbox 70 1475 295 1526; x_wconf 67' lang='lat' dir='ltr'><strong>reportarit;</strong></span> <span class='ocrx_word' id='word_1_182' title='bbox 333 1489 410 1514; x_wconf 90' lang='lat' dir='ltr'><strong>non</strong></span> <span class='ocrx_word' id='word_1_183' title='bbox 440 1477 690 1524; x_wconf 87' lang='lat' dir='ltr'><strong>committam,</strong></span> <span class='ocrx_word' id='word_1_184' title='bbox 720 1482 844 1527; x_wconf 87' lang='lat' dir='ltr'><strong>patres</strong></span> <span class='ocrx_word' id='word_1_185' title='bbox 874 1476 1087 1526; x_wconf 88' lang='lat' dir='ltr'><strong>conscripti,</strong></span> <span class='ocrx_word' id='word_1_186' title='bbox 1118 1482 1180 1524; x_wconf 81' lang='lat' dir='ltr'><strong>ut,</strong></span> 
     </span>
     <span class='ocr_line' id='line_1_27' title="bbox 69 1529 1177 1580; baseline 0.001 -15"><span class='ocrx_word' id='word_1_187' title='bbox 69 1540 158 1566; x_wconf 89' lang='lat' dir='ltr'><strong>cum</strong></span> <span class='ocrx_word' id='word_1_188' title='bbox 177 1542 220 1566; x_wconf 88' lang='lat' dir='ltr'><strong>ea</strong></span> <span class='ocrx_word' id='word_1_189' title='bbox 236 1529 333 1567; x_wconf 87' lang='lat' dir='ltr'><strong>mihi</strong></span> <span class='ocrx_word' id='word_1_190' title='bbox 350 1530 425 1568; x_wconf 88' lang='lat' dir='ltr'><strong>sint</strong></span> <span class='ocrx_word' id='word_1_191' title='bbox 436 1531 622 1578; x_wconf 87' lang='lat' dir='ltr'><strong>restituta,</strong></span> <span class='ocrx_word' id='word_1_192' title='bbox 635 1543 722 1580; x_wconf 85' lang='lat' dir='ltr'><strong>quae</strong></span> <span class='ocrx_word' id='word_1_193' title='bbox 740 1529 780 1566; x_wconf 91' lang='lat' dir='ltr'><strong>in</strong></span> <span class='ocrx_word' id='word_1_194' title='bbox 798 1535 981 1580; x_wconf 87' lang='lat' dir='ltr'><strong>potestate</strong></span> <span class='ocrx_word' id='word_1_195' title='bbox 994 1529 1082 1566; x_wconf 87' lang='lat' dir='ltr'><strong>mea</strong></span> <span class='ocrx_word' id='word_1_196' title='bbox 1099 1540 1177 1566; x_wconf 88' lang='lat' dir='ltr'><strong>non</strong></span> 
     </span>
     <span class='ocr_line' id='line_1_28' title="bbox 70 1580 1174 1634; baseline 0.001 -16"><span class='ocrx_word' id='word_1_197' title='bbox 70 1580 237 1629; x_wconf 86' lang='lat' dir='ltr'><strong>fuerunt,</strong></span> <span class='ocrx_word' id='word_1_198' title='bbox 258 1596 301 1621; x_wconf 85' lang='lat' dir='ltr'><strong>ea</strong></span> <span class='ocrx_word' id='word_1_199' title='bbox 319 1595 394 1621; x_wconf 93' lang='lat' dir='ltr'><strong>non</strong></span> <span class='ocrx_word' id='word_1_200' title='bbox 413 1583 588 1631; x_wconf 87' lang='lat' dir='ltr'><strong>habeam,</strong></span> <span class='ocrx_word' id='word_1_201' title='bbox 609 1596 696 1634; x_wconf 88' lang='lat' dir='ltr'><strong>quae</strong></span> <span class='ocrx_word' id='word_1_202' title='bbox 713 1583 794 1633; x_wconf 88' lang='lat' dir='ltr'><strong>ipse</strong></span> <span class='ocrx_word' id='word_1_203' title='bbox 821 1589 997 1633; x_wconf 86' lang='lat' dir='ltr'><strong>praestare</strong></span> <span class='ocrx_word' id='word_1_204' title='bbox 1015 1582 1174 1633; x_wconf 87' lang='lat' dir='ltr'><strong>possim,</strong></span> 
     </span>
     <span class='ocr_line' id='line_1_29' title="bbox 69 1635 1182 1687; baseline 0.001 -16"><span class='ocrx_word' id='word_1_205' title='bbox 69 1635 278 1685; x_wconf 87' lang='lat' dir='ltr'><strong>praesertim</strong></span> <span class='ocrx_word' id='word_1_206' title='bbox 303 1649 391 1674; x_wconf 86' lang='lat' dir='ltr'><strong>cum</strong></span> <span class='ocrx_word' id='word_1_207' title='bbox 408 1637 476 1674; x_wconf 82' lang='lat' dir='ltr'><strong>illa</strong></span> <span class='ocrx_word' id='word_1_208' title='bbox 493 1637 632 1674; x_wconf 88' lang='lat' dir='ltr'><strong>amissa</strong></span> <span class='ocrx_word' id='word_1_209' title='bbox 652 1635 920 1687; x_wconf 85' lang='lat' dir='ltr'><strong>recuperarim,</strong></span> <span class='ocrx_word' id='word_1_210' title='bbox 939 1635 1119 1674; x_wconf 81' lang='lat' dir='ltr'><strong>virtutem</strong></span> <span class='ocrx_word' id='word_1_211' title='bbox 1139 1641 1182 1673; x_wconf 79' lang='lat' dir='ltr'><strong>et</strong></span> 
     </span>
     <span class='ocr_line' id='line_1_30' title="bbox 69 1687 627 1742; baseline 0.006 -17"><span class='ocrx_word' id='word_1_212' title='bbox 69 1687 186 1727; x_wconf 87' lang='lat' dir='ltr'><strong>fidem</strong></span> <span class='ocrx_word' id='word_1_213' title='bbox 203 1701 404 1742; x_wconf 84' lang='lat' dir='ltr'><strong>nunquam</strong></span> <span class='ocrx_word' id='word_1_214' title='bbox 422 1690 627 1729; x_wconf 86' lang='lat' dir='ltr'><strong>amiserim.</strong></span> 
     </span>
    </p>
   </div>
   <div class='ocr_carea' id='block_1_3' title="bbox 127 2178 959 2227">
    <p class='ocr_par' dir='ltr' id='par_1_4' title="bbox 127 2178 959 2227">
     <span class='ocr_line' id='line_1_31' title="bbox 127 2178 959 2227; baseline -0.008 -9"><span class='ocrx_word' id='word_1_215' title='bbox 127 2178 277 2227; x_wconf 78' lang='lat' dir='ltr'><strong>(Orat.)</strong></span> <span class='ocrx_word' id='word_1_216' title='bbox 297 2187 402 2217; x_wconf 62' lang='lat' dir='ltr'><strong>vor„</strong></span> <span class='ocrx_word' id='word_1_217' title='bbox 427 2189 498 2216; x_wconf 74' lang='lat'>111.</span> <span class='ocrx_word' id='word_1_218' title='bbox 933 2192 959 2218; x_wconf 63' lang='lat'><strong>1„</strong></span> 
     </span>
    </p>
   </div>
  </div>
 </body>
</html>
