1425 2334
261 89 373 129 PRO
403 90 572 130 DOMO
601 90 721 128 SUA.
752 90 854 128 CAP.
877 91 940 128 43.
1081 91 1153 128 169

54 195 192 244 virum,
212 207 363 234 summo
386 209 520 247 genere
543 203 690 243 natum,
710 197 868 234 summis
892 196 1023 247 populi
1041 198 1153 234 bene-

55 248 147 286 ficiis
165 261 291 295 usum,
318 249 546 300 pontificem,
577 256 613 286 et
635 250 882 297 consularem,
909 258 945 286 et
975 250 1154 299 singulari

51 301 214 340 bonitate
233 310 269 339 et
294 302 477 341 modestia
493 302 708 353 praeditum,
730 306 875 353 (quem,
897 303 983 340 satis
1008 302 1151 346 mirari,

49 353 187 404 quibus
209 355 325 393 oculis
349 355 537 406 adspicere
559 355 709 400 audeas,
735 367 810 393 non
840 362 952 405 queo)
976 356 1150 392 audiente

49 407 188 457 populo
199 408 388 455 Romano,
405 421 426 446 a
440 409 651 460 pedisequis
663 409 868 446 conculcari
877 410 1047 457 juberes;
1064 421 1150 446 cum

47 459 308 498 indemnatum
327 464 556 508 exturbares,
577 461 778 512 privilegiis
792 461 993 512 tyrannicis
1011 462 1152 511 irroga-

47 512 94 549 tis
108 526 120 557 ;
141 526 228 551 cum
242 514 450 566 principem
464 515 563 553 orbis
575 522 680 552 terrae
692 515 829 561 virum,
844 515 1032 552 inclusum
1046 515 1150 552 domi

47 566 278 612 continere83
308 580 395 606 cum
418 568 543 606 forum
562 568 714 606 armatis
740 568 894 606 catervis
917 569 1147 618 perditorum

47 618 244 657 hominum
277 621 506 671 possideres3
544 622 746 659 Libertatis
771 621 1014 658 simulacrum
1040 621 1078 657 in
1106 622 1150 658 ea

44 670 158 709 domo
185 674 402 720 collocabas,
432 688 517 726 quae
545 675 680 712 domus
712 682 790 712 erat
818 675 899 725 ipsa
927 674 1063 712 indicio
1092 675 1148 711 tui

45 725 290 764 crudelissimi
304 727 531 774 dominatus,
547 735 583 765 et
601 727 816 765 miserrimae
834 728 965 777 populi
984 727 1150 765 Romani

46 779 256 817 servitutis?
283 780 437 818 Eumne
448 781 684 832 potissimum
701 781 871 818 Libertas
882 781 995 818 domo
1009 779 1075 818 sua
1086 780 1149 817 de-

46 831 129 868 buit
147 833 298 882 pellere,
322 834 390 884 qui
407 834 479 872 nisi
496 834 640 882 fuisset,
660 834 699 871 in
718 846 907 872 servorum
927 841 1147 884 potestatem

44 884 172 922 civitas
190 893 269 924 tota
288 887 446 925 venisset
462 890 479 926 ἶ)

97 937 221 976 XLII
229 939 259 977 1.
288 939 346 977 At
364 940 465 978 unde
483 940 634 978 inventa
653 948 708 979 est
725 941 796 978 ista
809 940 980 978 Libertas
994 942 1011 977 ἲ
1041 954 1145 991 quae-

43 990 112 1027 sivi
141 991 242 1030 enim
274 993 482 1043 diligenter.
522 994 733 1045 Tanagraea
761 994 935 1044 quaedam
966 994 1145 1031 meretrix

43 1043 158 1082 fuisse
176 1045 334 1084 dicitur:
365 1047 445 1095 ejus
459 1059 534 1085 non
545 1048 656 1097 longe
671 1047 886 1097 aTanagris
901 1047 1145 1084 simulacrum

43 1109 64 1134 e
90 1109 277 1136 marmore
303 1100 342 1136 in
370 1100 540 1150 sepulcro
565 1101 729 1150 positum
757 1100 840 1137 fuit.
880 1100 966 1137 Hoc
988 1099 1143 1150 quidam

43 1149 157 1187 homo
174 1151 324 1197 nobilis,
343 1165 419 1190 non
438 1153 581 1205 alienus
600 1155 647 1191 ab
665 1153 735 1190 hoc
753 1153 923 1202 religioso
943 1153 1144 1190 Libertatis

43 1203 243 1250 sacerdote,
263 1205 312 1242 ad
331 1213 505 1243 ornatum
525 1206 710 1244 aedilitatis
733 1219 810 1243 suae
828 1205 1059 1255 deportavit:
1090 1213 1144 1243 et-

40 1256 142 1293 enim
167 1258 348 1308 cogitarat
371 1272 499 1297 omnes
530 1259 735 1310 superiores
759 1259 925 1296 muneris
951 1258 1145 1308 splendore

39 1322 223 1360 superare.
249 1311 385 1363 Itaque
397 1312 525 1350 omnia
536 1313 657 1363 signa,
670 1313 830 1357 tabulas,
838 1319 1143 1349 ornamentorum

40 1363 143 1412 quod
157 1364 343 1414 superfuit
364 1365 403 1402 in
426 1365 523 1404 fanis
548 1373 584 1404 et
607 1366 872 1403 communibus
896 1365 999 1412 locis,
1021 1365 1098 1402 tota
1124 1378 1145 1402 e

42 1417 203 1463 Graecia,
224 1424 337 1469 atque
360 1419 493 1456 insulis
515 1419 706 1465 omnibus,
730 1418 880 1456 honoris
904 1417 1037 1468 populi
1063 1418 1143 1455 Ro-

41 1469 145 1506 mani
165 1471 290 1519 causa,
306 1483 395 1509 sane
412 1471 607 1522 frugaliter
620 1472 778 1509 domum
793 1484 900 1509 suam
919 1471 1141 1522 deportavit.

41 1522 82 1559 Is
100 1531 346 1574 posteaquam
365 1525 563 1573 intellexit,
583 1537 690 1576 posse
709 1537 760 1572 se,
785 1523 1007 1572 [interversa
1024 1524 1143 1561 aedili-

40 1577 150 1626 tate,]
183 1589 206 1614 a
237 1577 285 1614 L.
310 1578 448 1616 Pisone
472 1580 623 1616 consule
645 1585 840 1629 praetorem
864 1576 1083 1624 renuntiari,
1111 1578 1142 1615 si

39 1628 153 1666 modo
174 1628 326 1677 [eadem
343 1630 468 1681 prima
492 1632 620 1683 litera]
645 1631 926 1682 competitorem
950 1630 1142 1668 habuisset

39 1681 205 1731 aliquem
219 1696 231 1727 ;
261 1683 478 1722 aedilitatem
492 1684 640 1722 duobus
657 1684 698 1721 in
715 1684 820 1731 locis,
836 1684 975 1735 partim
985 1683 1026 1720 in
1040 1683 1140 1729 arcii,

38 1734 177 1783 partim
199 1735 238 1772 in
260 1735 378 1774 hortis
399 1737 488 1783 suis,
512 1737 728 1776 collocavit:
768 1737 933 1787 signum,
963 1737 1010 1774 de
1031 1738 1143 1774 busto

38 1788 240 1826 meretricis
258 1789 441 1838 ablatum,
461 1790 523 1828 isti
541 1791 656 1837 dedit,
671 1790 773 1841 quod
787 1797 880 1828 esset
894 1790 1045 1841 signum
1060 1802 1142 1826 ma-

37 1839 95 1889 gis
113 1840 285 1887 istorum,
311 1855 427 1892 quam
452 1844 628 1894 publicae,
648 1843 840 1881 libertatis.
880 1843 994 1881 Hanc
1015 1842 1140 1880 Deam

38 1893 241 1944 quisquam
260 1894 397 1933 violare
414 1896 563 1944 audeat,
578 1897 783 1947 imaginem
801 1896 1016 1943 meretricis,
1031 1907 1141 1932 orna-

38 1953 212 1984 mentum
232 1948 407 1998 sepulcri,
427 1962 450 1986 a
467 1949 550 1988 fure
569 1950 771 1997 sublatam,
790 1963 814 1987 a
831 1949 1009 1999 sacrilego
1027 1948 1141 1986 collo-

35 2005 159 2037 catam
176 2002 193 2037 ‚9
223 2000 319 2038 Haec
336 2013 398 2039 me
421 2002 534 2041 domo
551 2001 636 2041 mea
653 2003 797 2053 pellet?
835 2002 929 2049 haec,
949 2001 1065 2039 ultrix
1084 1999 1140 2037 af-

36 2050 147 2090 ffietae
161 2052 333 2102 civitatis,
353 2054 567 2106 reipublicae
585 2056 714 2108 spoliis
731 2054 953 2094 ornabitur?
981 2054 1061 2091 haec
1072 2052 1141 2089 erit

35 2104 75 2141 in
95 2117 150 2196 ep)
150 2106 399 2154 monimento,
412 2109 514 2159 quod
528 2109 692 2161 positum
707 2116 775 2158 est,
792 2116 834 2146 ut
849 2115 941 2146 esset
959 2105 1140 2144 indicium

94 2162 109 2201 (
152 2164 366 2207 rat.)v01„
391 2172 461 2199 111.
846 2172 875 2200 Q
