1425 2334
386 70 500 111 PRO
520 70 756 111 FLACCO.
785 70 890 110 CAP.
910 71 975 109 21.
1177 59 1225 109 2l

127 188 221 228 pum
242 178 371 216 venit:
400 178 562 229 pecunia
578 178 720 230 petitur
731 179 778 217 ab
792 177 1017 229 Hermippo.
1047 176 1232 228 Hermip-

126 243 199 281 pus
227 232 274 269 ab
294 231 496 270 Heraclide
513 232 632 282 petit;
669 232 748 282 ipse
766 239 894 269 tamen
914 231 1034 269 Fufiis
1052 230 1232 269 satisfacit

127 284 358 331 absentibus,
379 293 416 323 et
434 284 548 322 fidem
568 297 676 322 suam
688 285 822 322 liberat
838 299 848 322 ε
878 285 994 331 hunc,
1008 292 1232 322 aestuantem

127 343 166 374 et
182 337 501 388 tergiversantem,
530 338 673 387 judicio
702 338 765 375 ille
783 338 1046 389 persequitur:
1077 351 1100 375 a
1128 350 1235 375 recu-

129 391 364 441 peratoribus
383 404 495 429 causa
512 392 758 442 cognoscitur.

182 443 313 482 Nolite
331 444 558 492 existimare,
584 444 742 493 judices,
763 456 837 482 non
859 457 976 481 unam
1002 450 1038 481 et
1061 443 1234 481 eamdem

129 496 307 534 omnibus
326 497 365 534 in
376 497 468 536 locis
487 511 564 536 esse
578 498 837 535 fraudatorum
854 508 890 534 et
901 497 1152 535 inficiatorum
1164 497 1238 534 im-

130 549 366 600 pudentiam.
396 551 502 588 Fecit
521 551 650 588 eadem
670 551 812 599 omnia,
826 564 912 602 quae
925 550 1042 588 nostri
1053 550 1238 588 debitores

131 603 274 641 solent:
306 604 457 654 negavit
475 617 552 642 sese
581 604 736 642 omnino
755 616 946 642 versuram
969 604 1089 641 ullam
1108 603 1238 641 fecisse

131 655 293 695 Romae:
324 657 523 695 Fufiorum
553 670 591 695 se
621 657 821 695 affirmavit
850 670 1049 708 nunquam
1081 656 1238 694 omnino

133 721 273 747 nomen
292 710 464 748 audisse:
496 711 755 761 Hermippum
775 723 861 748 vero
884 711 1024 761 ipsum,
1044 709 1239 760 pudentis-

135 762 276 800 simum
295 770 409 815 atque
427 764 616 814 optimum
641 764 778 810 virum,
800 772 961 801 veterem
991 763 1157 801 amicum
1184 770 1242 800 at-

135 828 210 866 que
227 816 414 867 hospitem
433 830 577 863 meum,
598 817 943 867 splendidissimum
956 824 1069 868 atque
1083 816 1242 854 ornatis-

136 868 276 907 simum
296 869 455 908 civitatis
473 884 564 916 suae,
591 871 735 920 probris
762 871 938 908 omnibus
956 869 1241 920 maledictisque

135 922 297 960 vexavit.
327 923 415 971 Sed,
436 936 523 961 cum
542 936 580 961 se
598 923 712 961 homo
732 923 907 961 volubilis
925 923 1090 973 quadam
1110 922 1241 973 praeci-

136 975 206 1025 piti
231 976 416 1014 celeritate
436 976 583 1014 dicendi
610 976 677 1013 illa
695 977 861 1014 oratione
883 978 1052 1025 jactaret,
1074 983 1240 1026 repente,

138 1028 358 1067 testimoniis
384 1029 582 1068 Fufiorum
609 1029 902 1080 nominibusque
924 1029 1097 1077 recitatis,
1127 1028 1244 1066 homo

137 1081 409 1120 audacissimus
419 1082 628 1133 pertimuit,
640 1083 927 1133 loquacissimus
939 1082 1141 1120 obmutuit.
1164 1081 1245 1118 Ita-

137 1147 213 1185 que
231 1143 504 1186 recuperatores
523 1143 652 1174 contra
670 1136 784 1173 istum
809 1149 890 1173 rem
909 1136 1067 1174 minime
1085 1134 1243 1172 dubiam

137 1187 262 1238 prima
279 1188 424 1226 actione
438 1189 713 1238 judicaverunt,
742 1189 845 1227 Cum
861 1189 1074 1237 judicatum
1092 1199 1169 1225 non
1188 1187 1245 1225 fa-

138 1248 249 1287 cei-et,
270 1241 439 1280 addictus
460 1242 688 1293 Hermippo,
709 1248 746 1280 et
764 1244 811 1280 ab
829 1242 901 1280 hoc
915 1242 1050 1280 ductus
1069 1248 1135 1279 est.

191 1293 310 1333 XXI.
341 1295 502 1334 Habetis
520 1303 556 1334 et
574 1296 808 1333 honestatem
827 1295 1005 1342 hominis,
1029 1302 1066 1333 et
1083 1293 1244 1332 auctori-

138 1353 256 1385 tatem
275 1349 492 1397 testimonii,
513 1356 549 1386 et
567 1361 719 1387 causam
742 1361 894 1386 omnem
914 1348 1126 1386 simultatis.
1169 1348 1246 1385 At-

139 1413 214 1451 que
231 1401 277 1443 is,
297 1403 345 1439 ab
365 1402 579 1453 Hermippo
590 1402 740 1448 missus,
755 1415 843 1440 cum
861 1403 895 1440 ei
916 1415 1038 1452 pauca
1055 1400 1246 1451 mancipia

139 1454 379 1503 vendidisset,
409 1455 577 1493 Romam
608 1468 646 1494 se
675 1456 859 1493 contulit:
889 1455 1024 1494 deinde
1045 1455 1085 1492 in
1108 1454 1246 1492 Asiam

138 1507 262 1555 rediit,
283 1521 371 1546 cum
385 1509 467 1558 jam
485 1509 600 1547 frater
624 1521 732 1546 meus
756 1509 890 1547 Flacco
910 1508 1166 1553 successisset3
1196 1507 1254 1552 ad,

140 1573 256 1611 quem
270 1561 375 1609 adiit,
395 1575 622 1613 causamque
641 1562 694 1599 ita
711 1562 872 1607 detulit3
902 1569 1191 1612 recuperatores,
1207 1560 1246 1598 vi

141 1612 269 1653 Flacci
297 1622 440 1653 coactos
469 1622 506 1653 et
532 1623 653 1661 metu,
679 1615 819 1653 falsum
848 1616 984 1654 invitos
1009 1614 1246 1664 judicavisse.

141 1666 274 1706 Frater
295 1680 416 1714 meus,
435 1681 505 1719 pro
531 1669 599 1707 sua⁴
618 1668 793 1719 aequitate
811 1669 1101 1719 prudentiaque,
1121 1667 1248 1705 decre-

140 1719 208 1767 vit,
225 1728 282 1769 ut,
298 1721 329 1758 si
337 1721 550 1770 judicatum
565 1729 731 1772 negaret,
746 1722 785 1760 in
800 1723 963 1772 duplum
974 1722 1067 1759 iret:
1099 1721 1129 1759 si
1140 1727 1246 1758 metu

138 1781 283 1812 coactos
301 1774 452 1821 diceret,
467 1774 621 1812 haberet
639 1775 789 1813 eosdem
803 1782 1089 1826 recuperatores.
1119 1775 1248 1812 Recu-

140 1826 258 1864 savit:
289 1834 339 1874 et,
355 1828 463 1879 quasi
475 1828 571 1865 nihil
583 1835 676 1866 esset
690 1837 831 1875 actum,
846 1829 942 1866 nihil
953 1828 1180 1877 judicatum,
1197 1828 1245 1864 ab

142 1877 356 1931 Hermippo
375 1881 516 1919 ibidem
535 1881 737 1932 mancipia,
757 1895 844 1932 quae
861 1882 941 1932 ipse
960 1881 994 1919 ei
1013 1880 1245 1926 vendiderat,

140 1939 266 1981 petere
279 1933 402 1984 coepit.
430 1934 491 1972 M.
509 1934 718 1982 Gratidius,
739 1935 898 1985 legatus,
919 1934 967 1972 ad
985 1947 1101 1985 quem
1113 1940 1168 1971 est
1180 1932 1248 1970 ad-

141 1984 254 2032 itum,
269 1986 454 2025 actionem
466 2000 505 2026 se
518 1987 699 2026 daturum
718 1988 868 2039 negavit
884 2002 895 2025 ε
925 2000 964 2025 re
979 1987 1148 2036 judicata
1160 1984 1250 2024 stari

142 2038 305 2076 ostendit
321 2039 478 2090 placere.

193 2090 341 2129 Iterum
364 2092 447 2140 iste,
473 2092 535 2131 cui
556 2093 685 2132 nullus
713 2101 807 2132 esset
835 2107 998 2144 usquam
1020 2090 1250 2131 consistendi

137 2142 258 2194 locus,
287 2145 454 2184 Romam
483 2159 522 2191 se
549 2147 700 2186 retulit:
730 2147 968 2199 persequitur
991 2145 1246 2196 Hermippus,
