1425 2334
253 67 393 109 POST
421 68 691 108 REDITUM
720 68 778 107 ΙΙ.
807 69 912 108 CAP.
942 70 978 107 4.
1091 70 1166 108 115

89 175 292 214 inflecteret
304 189 317 221 3
337 175 401 225 qui
419 188 488 214 suo
501 175 592 214 fletu
606 175 832 214 desiderium
844 176 933 222 mei,
949 176 1193 214 memoriam-

92 241 167 280 que
186 236 403 273 renovaret;
424 229 491 279 qui
509 236 701 275 statuerat,
717 229 899 275 Quirites,
920 229 951 266 si
971 242 1035 267 vos
1047 242 1109 267 me
1123 229 1195 268 sibi

90 294 167 320 non
186 281 448 328 reddidissetis,
469 281 640 320 eamdem
660 283 785 319 subire
803 282 1019 319 fortunam:
1042 289 1078 319 et
1089 290 1194 320 tanto

90 335 130 372 in
155 347 217 372 me
235 347 363 373 amore
381 336 536 382 exstitit,
561 343 603 372 ut
622 342 773 385 negaret
791 335 846 372 fas
865 348 957 381 esse,
977 347 1052 372 non
1079 336 1193 373 modo

91 387 294 435 domicilio,
315 388 379 426 sed
397 400 445 426 ne
463 388 632 439 sepulcro
659 388 828 439 quidem,
855 401 893 426 se
918 401 940 424 a
961 400 1023 425 me
1042 400 1120 425 esse
1138 401 1194 426 se-

88 443 278 491 junctum.
319 442 394 479 Pro
422 454 484 478 me
509 448 703 491 praesente,
728 448 892 488 senatus,
918 441 1195 492 hominumque

91 501 270 545 praeterea
280 494 413 544 viginti
423 494 556 542 millia,
567 504 706 532 vestem
714 501 975 531 mutaverunt:
991 507 1057 544 pro
1067 495 1196 532 eodem

93 549 259 594 absente,
280 548 393 585 unius
415 548 628 607 squalorem
658 548 858 598 sordesque
885 547 1039 585 vidistis.
1082 548 1195 585 Unus

92 600 168 646 hic,
189 600 255 651 qui
274 600 390 648 domi,
411 601 477 651 qui
496 601 534 637 in
559 601 654 646 foro,
682 608 805 651 posset
833 613 911 638 esse
937 601 1033 637 mihi
1059 600 1198 651 pietate

94 653 235 701 filius,
225 662 398 691 mventus
418 661 472 691 est
490 654 668 692 beneficio
686 667 833 704 parens,
850 666 975 691 amore
993 653 1108 701 idem,
1129 654 1197 704 qui

95 718 244 757 semper
261 706 348 753 fuit,
375 706 500 744 frater.
543 708 647 744 Nam
681 707 850 757 conjugis
878 706 950 744 mis
946 720 1023 744 erae
1046 708 1197 757 squalor

97 767 134 797 et
150 760 293 820 luctus,
310 767 423 810 atque
445 760 598 810 optimae
622 761 710 798 filiae
737 772 874 798 moeror
903 760 1087 808 assiduus,
1109 760 1196 797 filii-

98 825 172 863 que
191 814 296 863 parvi
314 812 538 850 desiderium
558 814 647 860 mei,
667 814 918 863 lacrymaeque
936 813 1109 863 pueriles,
1130 820 1196 851 aut

96 865 293 903 itineribus
321 866 548 913 necessariis,
569 874 635 904 aut
658 879 837 917 magnam
862 874 1005 916 partem
1031 866 1134 904 tectis
1153 879 1196 905 ac

93 919 255 956 tenebris
273 919 570 957 continebantur.

154 972 228 1009 lv.
258 972 388 1019 Quare
415 972 485 1010 hoc
503 974 627 1021 majus
646 979 700 1010 est
718 979 883 1010 vestrum
901 971 941 1009 in
961 984 1028 1009 nos
1047 984 1195 1023 prome-

96 1025 227 1072 ritum,
248 1025 350 1076 quod
368 1038 443 1063 non
462 1026 700 1063 multitudini
717 1026 1032 1076 propinquorum,
1046 1025 1111 1063 sed
1128 1038 1196 1064 no-

93 1078 230 1116 bismet
242 1078 345 1129 ipsis,
365 1091 432 1116 nos
450 1078 672 1116 reddidistis.

151 1131 240 1179 Sed,
267 1131 590 1182 quemadmodum
618 1131 836 1182 propinqui,
857 1144 950 1181 quos
970 1144 1038 1181 ego
1065 1144 1197 1182 parare

96 1196 173 1221 non
191 1185 312 1235 potui,
333 1184 429 1221 mihi
446 1184 494 1221 ad
508 1184 781 1235 deprecandam
800 1184 1050 1222 calamitatem
1068 1197 1195 1222 meam

96 1249 173 1274 non
196 1237 410 1282 affuerunt;
440 1237 493 1275 sic
512 1238 637 1284 (illud,
659 1237 760 1288 quod
779 1250 863 1275 mea
885 1239 1003 1275 virtus
1021 1246 1196 1287 praestare

98 1289 245 1337 debuit)
266 1290 468 1340 adjutores,
485 1298 666 1337 auctores,
686 1291 966 1341 hortatoresque
993 1290 1042 1328 ad
1060 1303 1122 1328 me
1139 1304 1197 1328 re-

96 1343 344 1390 stituendum,
375 1343 428 1381 ita
449 1344 565 1381 multi
595 1344 763 1392 fuerunt,
794 1350 838 1381 ut
860 1344 973 1394 longe
991 1344 1196 1394 superiores

95 1408 226 1434 omnes
244 1397 314 1434 hac
331 1396 514 1447 dignitate
532 1397 714 1448 copiaque
727 1409 953 1447 superarem.
983 1397 1198 1447 Nunquam

94 1449 141 1487 de
155 1450 201 1487 P.
219 1449 396 1501 Popillio,
409 1449 613 1488 clarissimo
627 1459 740 1500 atque
758 1449 960 1488 fortissimo
972 1449 1051 1487 viro
1065 1463 1077 1495 ς
1098 1462 1197 1487 nun-

99 1515 218 1553 quam
236 1502 283 1541 de
307 1503 358 1550 Q.
388 1503 562 1550 Metello,
589 1503 822 1541 nobilissimo
847 1510 883 1541 et
901 1503 1199 1541 constantissimo

99 1556 200 1602 cive3
221 1568 420 1607 nunquam
443 1556 489 1594 de
507 1557 552 1594 C.
573 1556 714 1604 Mario,
740 1555 891 1594 custode
909 1556 1067 1595 civitatis
1085 1563 1199 1608 atque

100 1609 250 1660 imperii
268 1609 395 1655 vestri,
407 1609 447 1646 in
465 1618 596 1648 senatu
615 1610 757 1647 mentio
774 1609 872 1647 facta
891 1616 956 1647 est.

152 1662 383 1700 'l'ribuniciis
416 1661 662 1714 [superiores]
693 1663 750 1700 illi
784 1662 1054 1712 rogationibus,
1091 1662 1200 1701 nulla

100 1715 318 1753 auctoritate
342 1718 504 1762 senatus,
527 1723 616 1754 sunt
633 1715 805 1754 restituti.
834 1715 984 1753 Marius
1002 1728 1102 1764 vero,
1122 1728 1199 1754 non

102 1768 216 1806 modo
236 1779 312 1806 non
335 1781 359 1806 a
382 1777 527 1815 senatu,
547 1769 611 1806 sed
635 1769 748 1806 etiam
773 1781 948 1819 oppresso
978 1775 1123 1817 senatu,
1144 1775 1200 1807 est

102 1821 319 1858 restitutus:
350 1833 419 1860 nec
442 1834 567 1859 rerum
585 1829 776 1872 gestarum
803 1822 985 1860 memoria
1010 1822 1050 1859 in
1075 1822 1198 1860 reditu

103 1874 148 1912 C.
159 1873 292 1921 Marii,
308 1874 371 1912 sed
383 1875 564 1913 exercitus
576 1882 689 1926 atque
701 1888 806 1913 arma
817 1875 1028 1913 valuerunt.
1057 1876 1129 1922 At,
1149 1875 1197 1912 de

101 1939 165 1965 me
182 1934 226 1964 ut
242 1927 394 1975 valeret,
410 1940 555 1979 semper
568 1936 723 1972 senatus
741 1928 945 1978 flagitavit:
967 1934 1011 1965 ut
1028 1928 1201 1978 aliquan-

102 1980 151 2018 do
169 1980 420 2030 perficeretur,
435 1993 522 2018 cum
541 1981 709 2042 primurn
723 1982 844 2029 licuit,
857 1981 1068 2031 frequentia
1085 1988 1199 2030 atque

101 2033 320 2071 auctoritate
336 2034 501 2084 perfecit.
528 2035 672 2072 Nullus
696 2035 737 2072 in
761 2047 892 2073 eorum
912 2033 1045 2072 reditu
1072 2040 1198 2070 motus

100 2085 395 2147 municipiorum
413 2094 450 2125 et
466 2087 697 2126 coloniarum
708 2088 828 2126 factus
843 2094 909 2125 est.
937 2087 995 2124 At
1008 2098 1070 2123 me
1080 2085 1120 2123 in
1134 2098 1202 2136 pa·

62 2176 65 2179 s
102 2139 212 2178 triam
231 2146 287 2178 ter
311 2139 389 2179 suis
406 2140 561 2180 decretis
588 2140 701 2181 Italia
725 2148 859 2180 cuncta
881 2138 1099 2182 revocavit,
1120 2137 1199 2187 Illi,
