1389 2339
394 90 507 130 PRO
536 89 740 130 COELIO.
769 91 873 128 CAP.
902 91 966 128 28.
1153 87 1225 132 371

134 209 242 235 mum
271 196 319 234 ad
351 209 389 234 se
425 205 640 235 revocarent
671 197 830 234 maximi
862 196 1035 234 facinoris
1066 195 1207 233 crimen
1224 209 1236 232 z

134 250 269 288 deinde
286 249 327 288 id
346 261 387 288 se
406 250 542 288 vidisse
559 250 736 295 dicerent,
750 250 867 301 quod,
881 262 957 300 quo
971 250 1052 287 loco
1070 248 1239 286 collocati

134 304 297 350 fuerant,
318 315 394 341 non
412 304 621 354 potuissent
639 303 775 341 videre.
817 303 1008 354 Tempore
1025 302 1141 352 igitur
1158 301 1240 352 ipso

133 369 174 394 se
192 356 447 404 ostenderunt,
467 369 555 394 cum
579 357 751 394 Licinius
769 357 942 402 venisset,
973 355 1153 406 pyxidem
1173 367 1239 392 ex-

135 409 292 460 pediret..
308 422 466 448 manum
481 410 700 461 porrigeret,
718 422 905 448 venenum
920 410 1091 447 traderet.
1121 408 1238 446 Mimi

135 475 223 512 ergo
242 471 297 501 est
312 464 393 512 jam
412 463 548 511 exitus,
573 476 648 500 non
667 463 829 501 fabulae:
859 463 898 499 in
925 475 1001 513 quo
1020 474 1108 499 cum
1135 461 1238 498 clau·

135 516 217 553 sula
235 529 311 554 non
332 517 534 563 invenitur,
563 517 663 565 fugit
681 516 818 567 aliquis
837 529 856 554 e
874 516 1073 554 manibus:
1105 514 1240 552 deinde

133 569 286 607 scabilla
304 577 540 620 concrepant,
561 570 724 607 aulaeum
746 570 901 607 tollitur.

187 622 395 661 XXVIII.
425 624 566 670 Quaero
578 623 693 669 enim,
710 636 776 661 cur
791 623 983 661 Licinium
997 622 1237 665 titubantem,

135 675 385 723 haesitantem,
406 676 613 723 cedentem,
633 676 764 726 fugere
782 683 994 723 conantem,
1023 673 1241 713 mulieraria

134 741 270 767 manus
298 730 371 767 ista
396 729 443 766 de
469 730 645 767 manibus
675 729 860 768 emiserit:
891 742 958 767 cur
975 741 1051 767 non
1070 740 1239 778 compre-

133 781 329 820 henderint
346 797 355 819 :
386 795 451 820 cur
479 795 569 829 non,
604 782 721 833 ipsius
752 782 994 828 confessione,
1028 782 1237 819 multorum

131 835 262 883 oculis,
296 836 469 873 facinoris
487 836 649 886 denique
669 849 770 879 voce,
802 836 897 874 tanti
924 835 1069 873 sceleris
1094 835 1235 872 crimen

132 889 410 939 expresserint?
439 901 486 926 an
517 889 714 935 timebant,
748 902 795 927 ne
824 897 879 926 tot
906 901 1042 935 unum,
1072 888 1237 926 valentes

132 941 380 989 imbecillum,
400 942 537 980 alacres
561 943 815 993 perterritum,
847 955 1021 993 superare
1046 953 1122 979 non
1151 953 1237 992 pos-

133 1003 214 1033 sent
229 998 246 1034 ?

188 1049 228 1086 N
231 1049 354 1086 ullum
366 1056 633 1109 argumentum
645 1049 684 1086 in
700 1062 752 1096 re,
767 1051 873 1087 nulla
885 1049 1045 1099 ¹suspicio
1056 1048 1095 1086 in
1107 1046 1235 1094 causa,

133 1101 261 1139 nullus
280 1103 403 1140 exitus
422 1102 601 1149 criminis,
622 1103 813 1153 reperitur.
857 1103 993 1162 Itaque
1011 1101 1091 1139 haec
1110 1113 1234 1146 causa,

133 1157 180 1193 ab
199 1155 444 1204 argumentis,
465 1168 487 1192 a
505 1156 732 1204 conjectura,
752 1156 827 1193 ab
818 1156 863 1193 iis
883 1155 997 1205 signis
1016 1155 1154 1205 quibus
1173 1165 1237 1191 ve-

134 1209 222 1245 ritas
240 1209 418 1246 illustrari
436 1209 542 1256 solet,
563 1209 611 1246 ad
630 1216 739 1246 testes
759 1216 836 1246 tota
850 1209 1020 1246 traducta
1031 1215 1097 1245 est.
1110 1206 1236 1255 Quos

134 1261 287 1312 quidem
301 1274 370 1312 ego
384 1269 506 1309 testes,
517 1262 675 1310 judices,
692 1274 766 1300 non
779 1262 892 1300 modo
904 1261 983 1299 sine
998 1261 1076 1298 ullo
1088 1259 1235 1306 timore,

133 1314 197 1351 sed
225 1315 336 1352 etiam
369 1327 457 1352 curn
494 1315 622 1366 aliqua
654 1328 719 1366 spe
751 1314 1017 1362 delectationis,
1048 1320 1233 1363 exspecto.

132 1368 327 1417 Praegestit
339 1368 488 1405 animus
503 1369 585 1417 jam
600 1368 737 1415 videre,
753 1368 920 1419 primum
932 1368 1054 1405 lautos
1062 1367 1235 1415 juvenes,

133 1421 301 1458 mulien's
328 1422 447 1458 beatae
476 1433 518 1458 ac
543 1421 679 1459 nobilis
705 1422 936 1465 familiares3
965 1419 1099 1457 deinde
1120 1419 1235 1457 fortes

133 1473 243 1519 viros,
264 1475 311 1511 ab
330 1473 564 1524 imperatrice
577 1474 616 1511 in
628 1474 770 1512 insidiis
785 1481 898 1525 atque
911 1473 950 1510 in
969 1472 1142 1525 praesidio
1153 1472 1235 1510 bal·

133 1538 288 1564 nearum
307 1527 470 1571 locatos3
501 1539 546 1564 ex
566 1527 704 1578 quibus
722 1527 924 1578 requiram,
939 1538 1105 1578 quonam
1118 1524 1233 1563 modo

133 1579 322 1625 latuerint,
343 1587 409 1617 aut
423 1580 513 1617 ubi:
543 1581 718 1618 alveusne
735 1580 812 1627 ille,
832 1593 881 1618 an
900 1592 1020 1631 equus
1039 1579 1231 1627 Trojanus

132 1632 257 1679 fuerit,
278 1633 345 1683 qui
363 1640 418 1670 tot
435 1633 592 1671 invictos
610 1634 720 1679 viros,
739 1634 924 1672 muliebre
941 1633 1085 1671 bellum
1100 1643 1231 1682 geren-

134 1692 200 1733 tes,
218 1685 345 1723 tulerit
364 1697 406 1722 ac
430 1686 574 1724 texerit.
616 1687 720 1724 Illud
739 1699 826 1724 vero
843 1685 1065 1738 respondere
1083 1696 1231 1735 cogam,

132 1751 199 1776 cur
218 1745 273 1776 tot
290 1738 373 1786 viri,
393 1751 436 1776 ac
454 1740 558 1788 tales,
578 1740 692 1788 hunc,
713 1747 750 1778 et
763 1752 899 1787 unum,
916 1746 952 1778 et
967 1746 1045 1777 tam
1064 1737 1235 1776 imbecil-

133 1791 214 1828 lum
228 1804 344 1842 quam
362 1791 508 1839 videtis,
528 1804 602 1830 non
617 1800 684 1830 aut
697 1800 857 1831 stantem
869 1790 1233 1843 comprehenderint,

133 1851 200 1881 aut
217 1844 425 1904 fugientem
443 1846 628 1883 consecuti
646 1847 744 1884 sint.
774 1846 840 1897 qui
860 1859 898 1884 se
925 1856 1123 1895 nunquam
1147 1855 1237 1894 pro-

132 1896 242 1941 fecto,
262 1897 293 1934 si
311 1897 426 1935 istum
452 1898 490 1935 in
519 1899 644 1937 locum
673 1899 929 1950 processerint,
960 1897 1232 1948 explicabuntz

135 1962 251 2001 quam
264 1951 412 1988 volent
402 1963 441 1988 111
456 1952 632 1990 conviviis
643 1952 767 2001 faceti,
783 1953 938 1999 dicaces,
955 1961 1231 2011 nonnunquam

134 2002 247 2040 etiam
266 2003 314 2041 ad
339 2003 470 2041 vinum
488 2004 628 2053 diserti,
658 2006 745 2043 sint.
787 2006 880 2044 Alia
897 2004 969 2042 fori
987 2004 1042 2042 vis
1071 2010 1140 2052 est,
1158 2001 1234 2041 alia

134 2055 309 2094 triclinii:
339 2057 413 2095 alia
431 2058 691 2097 subselliorum
710 2059 818 2107 ratio,
839 2059 913 2096 alia
930 2058 1137 2096 lectorum.
1157 2065 1233 2093 11011

133 2107 231 2146 idem
249 2110 420 2157 judicum
440 2110 798 2162 comissatorumque
818 2117 1056 2162 conspectus:
1088 2108 1232 2147 11111110-
