1425 2334
352 86 464 123 PRO
495 85 716 124 SEXTIO.
747 86 850 123 CAP.
882 85 944 121 23.
1120 81 1203 118 283

96 205 186 229 tum
216 203 283 241 pro
310 192 414 229 vobis
438 205 494 236 ea,
526 206 612 242 quae
637 193 731 229 mihi
757 200 877 229 essent
902 191 1003 232 xiiia,
1029 188 1200 238 reliquis-

99 257 207 282 sem.
199 257 213 272 r
244 245 344 306 Hoc,
364 258 448 282 meo
471 247 626 296 quidem
649 246 790 289 animo,
811 245 951 281 summi
970 244 1008 280 in
1037 241 1198 292 patriam

98 297 236 336 amoris
263 299 339 336 mei
367 299 519 349 signum
550 313 628 337 esse
651 299 762 336 debet
791 297 1053 338 certissimum,
1081 294 1198 345 quod,

97 363 188 389 cum
213 353 340 390 abesse
366 354 413 390 ab
443 365 487 389 ea
509 364 584 390 non
610 364 756 403 possem
780 351 858 388 sine
882 363 1031 388 summo
1057 348 1198 393 dolore,

100 403 203 442 hunc
221 417 283 442 me
299 406 459 465 perpeti,
486 419 603 457 quam
629 406 734 442 illam
760 404 975 442 labefactari
993 405 1041 440 ab
1060 402 1201 451 impro-

99 456 170 503 bis,
189 457 321 495 malui.

152 510 200 548 M
203 523 422 555 enuneram,
439 512 596 560 judices,
617 511 788 548 divinum
803 512 914 548 illum
930 511 1068 553 virum,
1087 515 1201 558 atquc

97 577 146 601 ex
165 563 314 624 iistiem,
339 565 478 615 quibus
500 578 581 610 nos,
611 565 797 603 radicibus
815 572 949 601 natum
974 563 1022 600 ad
1042 562 1201 600 salutem

100 616 250 677 imperii
267 617 396 666 hujus,
428 619 473 656 C.
506 618 692 663 Marium,
719 630 870 655 summa
894 624 1095 661 senectute,
1116 626 1202 652 cum

100 669 179 707 vim
211 683 327 722 prope
355 672 546 720 Justorum
576 684 768 708 armorum
801 671 1040 721 profuoisset,
1079 668 1202 719 primo

97 724 216 762 senile
228 737 361 775 corpus
373 725 576 775 paludibus
587 725 790 762 occultasse
802 724 1045 767 demersumg
1067 721 1202 759 deinde

100 777 150 814 ad
164 777 382 815 infimorum
402 791 444 816 ac
460 778 765 816 tenuissimorum
776 778 976 815 hominum
990 775 1203 814 Minturnis

99 831 391 868 misericordiam
422 831 632 882 confugisse
649 846 660 876 ;
697 832 784 869 inde
820 830 969 880 navigio
1005 843 1200 880 perparvo,

96 897 188 921 cunr
202 896 337 922 omnes
355 892 485 935 portus
507 892 696 936 terrasque
716 884 876 935 fugeret,
896 884 935 920 in
960 896 1042 921 oras
1060 884 1203 921 Africae

95 937 367 975 desertissimas
392 938 612 988 pervenisse.
643 939 775 989 Atque
794 939 856 976 ille
876 937 992 975 vitam
1012 950 1135 976 suam,
1156 949 1203 974 nc

99 991 244 1028 inultus
258 998 365 1037 esset,
379 991 428 1028 ad
442 992 727 1029 incertissimam
740 1005 859 1043 spem,
881 999 917 1028 et
929 991 976 1028 ad
988 990 1203 1041 reipublicae

98 1051 254 1090 statum,
278 1045 501 1082 reservavit:
533 1058 615 1096 ego,
639 1045 706 1096 qui
732 1044 1070 1096 (quemadmodum
1090 1044 1203 1080 multi

98 1097 137 1133 in
157 1106 305 1143 senatu,
325 1110 388 1135 me
406 1099 571 1143 absente,
589 1099 785 1145 dixerunt)
804 1098 969 1150 periculo
988 1097 1204 1148 reipublicae

98 1150 287 1195 vivebam,
308 1151 449 1202 quique
468 1153 515 1189 ob
535 1165 618 1189 eam
637 1165 789 1190 causam
808 1151 1065 1190 consularibus
1087 1149 1203 1188 literis

94 1203 145 1241 (le
164 1207 312 1242 senatus
324 1203 505 1242 sententia
516 1205 653 1243 exteris
668 1205 883 1243 nationibus
897 1204 1202 1247 commendabat,

98 1269 238 1301 nonne,
270 1258 300 1295 si
329 1270 455 1295 meam
490 1258 606 1296 vitam
638 1256 896 1303 deseruissem,
930 1257 1203 1308 rempublicam

96 1310 374 1361 prodidissem?
419 1311 457 1348 in
488 1312 565 1362 qua
594 1311 749 1362 quidem
782 1324 896 1358 nunc,
927 1324 990 1348 me
1019 1310 1203 1355 restituto,

97 1363 190 1402 vivit
207 1376 357 1402 mecum
373 1365 493 1402 simul
512 1366 731 1415 exemplum
757 1365 845 1402 fidei
873 1364 1050 1415 publicae,
1077 1375 1205 1401 exem-

99 1417 209 1467 plum
247 1418 463 1469 reipublicae
501 1418 769 1456 defendendae:
801 1419 902 1468 quod
934 1418 963 1455 si
992 1416 1206 1454 immortale

81 1500 83 1502 .
102 1470 299 1518 retinetur,
319 1471 406 1522 quis
421 1483 496 1509 11011
515 1471 706 1522 iutelligit,
731 1472 985 1510 immortalem
1000 1471 1098 1508 hanc
1116 1469 1206 1508 civi-

97 1531 215 1562 tatem
233 1524 403 1562 futuram
418 1526 436 1563 Ρ

152 1577 320 1615 XMII.
370 1578 474 1616 Nam
512 1586 666 1617 externa
698 1581 798 1618 bella
829 1593 976 1630 regum,
1017 1579 1204 1629 gentium

98 1630 310 1677 nationum,
327 1632 557 1682 jampridem
576 1633 628 1671 ita
646 1633 828 1671 exstincta
847 1641 950 1678 sunt,
969 1640 1014 1670 ut
1017 1610 1206 1690 praeclare

98 1696 188 1720 cum
207 1683 253 1720 iis
273 1697 444 1734 agamus,
463 1699 566 1746 quos
585 1695 735 1737 pacatos
758 1700 836 1724 esse
855 1688 1056 1737 patiamur.
1087 1683 1208 1722 Deni-

99 1749 190 1786 que,
211 1750 256 1774 ex
277 1736 413 1775 bellica
437 1738 605 1787 victoria,
626 1752 704 1777 non
729 1740 806 1778 fere
824 1752 1057 1791 quemquam
1077 1746 1131 1776 est
1149 1736 1207 1773 in-

100 1789 202 1827 vidia
226 1789 365 1828 civium
393 1800 616 1830 consecuta.
646 1793 860 1832 domesticis
882 1794 1006 1838 malis,
1033 1801 1070 1830 et
1092 1790 1209 1828 auda-

99 1842 202 1880 cium
222 1842 362 1880 civium
383 1845 559 1891 consiliis,
575 1859 673 1896 saepe
692 1857 746 1884 est
763 1847 1038 1889 resistendum;
1059 1856 1210 1882 eorum-

98 1909 176 1946 que
190 1896 443 1946 periculorum
459 1906 514 1936 est
527 1899 567 1935 in
582 1900 776 1950 republica
787 1900 982 1938 retinenda
996 1898 1206 1937 medicina·
1195 1923 1207 1938 ,

99 1962 187 1999 oua}
188 1962 217 1986 11
233 1962 401 2009 omnem,
419 1951 577 2000 judices,
596 1953 861 2003 perdidissetis,
879 1954 923 1997 si,
939 1966 1026 1990 meo
1040 1950 1208 1992 interitu,

101 2002 248 2039 senatui
266 2003 484 2054 populoque
503 2005 680 2044 Romano
698 2006 836 2044 doloris
862 2007 986 2054 5111,ὀο
1005 2017 1066 2043 me
1088 2003 1212 2041 decla-

101 2055 210 2092 randi
239 2063 403 2106 potestas
426 2066 521 2095 esset
547 2068 683 2110 erepta.
714 2060 854 2118 Quare
867 2071 1002 2097 moneo
1022 2070 1101 2102 νο5,
1122 2057 1211 2094 ado-

100 2107 293 2151 lescentes,
313 2117 427 2159 atque
447 2110 516 2149 hoc
534 2124 619 2150 meo
641 2114 727 2161 jure
746 2112 936 2163 praecipiO,
964 2112 1030 2162 qui
1050 2110 1212 2160 dignita-

107 2170 198 2208 [cm.
221 2161 287 2213 qui
307 2163 593 2214 rempublicam,
612 2166 678 2217 qui
697 2166 855 2216 gloriam
873 2165 1067 2215 spectatis·
1059 2192 1069 2209 ,
1101 2177 1160 2211 ne,
1187 2163 1216 2200 51
