1435 2328
242 92 296 130 26
504 95 619 136 PRO
639 94 875 135 FLACCO.
904 94 1010 135 CAP.
1031 95 1100 134 2&

243 213 462 251 possumus,
493 209 534 241 at
561 210 707 242 tacere:
737 203 849 242 liceat
873 203 971 242 mihi
996 203 1123 255 potius
1145 201 1192 240 de
1208 200 1363 240 levitate

243 254 467 294 Graecorum
482 258 603 308 queri,
617 271 735 309 quam
747 258 794 296 de
808 257 1041 296 crudelitate.
1075 255 1358 295 Auctoritatem

242 307 306 346 isti
324 309 489 348 habeant
508 312 612 362 apud
631 325 706 359 eos,
735 324 831 362 quos
850 324 928 350 esse
946 310 1102 349 omnino
1121 311 1327 348 noluerunt
1339 309 1358 346 ἓ

242 373 348 411 nam,
370 377 633 416 quoscumque
655 374 875 416 potuerunt,
900 372 1046 416 togatos
1063 364 1357 402 interemerant:

242 427 383 454 nomen
413 418 554 457 civium
580 420 861 468 Romanorum,
889 426 1078 470 quantum
1097 418 1138 456 in
1156 417 1249 469 ipsis
1266 415 1356 463 fuit,

243 472 491 509 sustulerunt.

294 523 455 563 XXVI.
487 526 536 564 In
555 527 626 565 hac
643 527 761 578 igitur
783 529 875 565 urbe
895 540 933 565 se
949 527 1106 576 jactent,
1126 537 1244 577 quam
1270 522 1360 562 ode-

239 585 331 616 runt
349 581 365 617 :³
395 581 499 631 apud
515 594 590 628 eos,
611 594 707 632 quos
721 581 831 619 inviti
846 581 974 619 vident
987 583 1004 618 Ρ
1034 580 1074 616 in
1087 580 1132 618 ea
1145 578 1356 630 republica,

240 631 290 669 ad
309 645 427 683 quam
446 635 750 685 opprimendam,
764 647 841 672 non
856 635 1007 672 animus
1022 633 1089 681 eis,
1107 633 1171 671 sed
1183 633 1278 670 vires
1290 631 1356 669 de-

239 684 396 724 fuerunt
411 690 428 726 ‚⁹
457 690 492 725 A
500 688 686 739 dspiciant
697 689 801 726 hunc
811 689 944 726 florem
957 689 1170 738 legatorum
1181 686 1357 724 laudato-

240 751 406 791 rumque
425 741 565 789 Flacci,
594 755 642 780 ex
661 743 750 780 ver&
769 749 883 793 atque
901 740 1048 792 integra
1067 741 1239 778 Graecia:
1270 747 1357 778 tum

239 805 279 830 se
298 793 370 844 ipsi
390 796 626 846 expendant:
657 803 742 833 tum
755 809 843 834 cum
857 795 916 833 his
936 808 975 833 se
993 802 1234 846 comparent3
1256 800 1356 842 tum,

239 846 273 884 si
292 848 502 897 audebunt,
524 849 700 900 dignitati
718 850 858 888 horum
877 856 1108 900 componant
1126 860 1248 886 suam.

293 901 453 940 Adsunt
478 903 748 951 Athenienses,
774 903 877 940 unde
905 902 1139 950 humanitas,
1171 900 1354 948 doctrina,

240 954 386 1005 religio,
407 956 550 1007 fruges,
569 958 671 1006 jura,
691 958 793 1008 leges
812 964 917 1004 ortae,
939 964 1054 1007 atque
1072 956 1113 993 in
1131 967 1262 994 omnes
1281 962 1364 993 ter-⁴

239 1021 299 1046 ras
311 1009 536 1057 distributae,
545 1018 730 1061 putantur
740 1026 749 1049 ε
767 1011 814 1049 de
823 1023 988 1062 quorum
997 1010 1101 1048 urbis
1109 1009 1355 1061 possessione,

238 1070 392 1114 propter
421 1065 761 1115 pulchritudinem,
792 1065 907 1102 etiam
926 1064 1024 1102 inter
1043 1064 1148 1102 Deos
1166 1070 1357 1102 certamen

237 1116 354 1155 fuisse
371 1118 568 1169 proditum
588 1126 643 1156 est
659 1133 669 1156 z
701 1132 788 1170 quae
802 1125 987 1156 vetustate
1006 1116 1049 1156 ea
1067 1124 1137 1165 est,
1150 1124 1195 1155 ut
1213 1117 1296 1168 ipsa
1309 1129 1358 1154 ex

238 1182 317 1208 sese
329 1184 416 1209 suos
429 1172 526 1210 cives
539 1173 713 1222 genuisse
725 1173 872 1211 dicatur
885 1185 897 1217 ς
919 1178 956 1210 et
967 1184 1098 1209 eorum
1113 1170 1245 1209 eadem
1257 1178 1358 1208 terra

237 1236 387 1274 parens,
402 1226 530 1274 altrix,
544 1226 668 1277 patria
679 1226 825 1264 dicatur
838 1240 849 1263 ε
876 1225 1096 1263 auctoritate
1107 1232 1237 1263 autem
1249 1223 1358 1262 tanta.

237 1284 307 1325 est,
328 1285 372 1316 ut
387 1280 471 1328 jam
489 1279 653 1317 fractum
671 1293 789 1331 prope
801 1293 845 1318 ac
859 1279 1101 1318 debilitatum
1114 1278 1272 1317 Graeciae
1286 1291 1357 1316 no-

237 1342 329 1369 men
348 1332 465 1382 hujus
484 1333 590 1371 urbis
608 1334 723 1372 laude
742 1334 898 1371 nitatur.

290 1385 451 1424 Adsunt
470 1387 776 1433 Lacedaemonfi3
807 1388 916 1436 cujus
941 1386 1103 1426 civitatis
1128 1392 1294 1438 spectata
1311 1398 1356 1424 ac

236 1439 437 1478 nobilitata
456 1441 588 1487 virtus,
616 1454 692 1480 non
720 1441 846 1480 solum
864 1441 1002 1478 natura
1020 1442 1272 1488 corroborata,
1292 1452 1357 1478 ve-

235 1506 325 1531 rum
345 1494 459 1532 etiam
478 1495 679 1546 disciplina
696 1502 879 1547 putatum
909 1495 977 1546 qui
991 1495 1060 1533 soli
1074 1501 1153 1532 toto
1171 1496 1262 1532 orbe
1280 1500 1357 1532 ter-

237 1559 383 1593 rarum,
405 1549 660 1599 septingentos
676 1550 759 1599 jam
782 1561 901 1587 annos
921 1549 1100 1600 amplius,
1125 1547 1214 1586 unis
1238 1547 1355 1585 mori-

236 1602 324 1648 bus,
341 1609 378 1639 et
392 1614 593 1653 nunquam
606 1603 764 1641 mutatis
777 1603 939 1654 legibus,
956 1603 1102 1641 vivunt.
1131 1602 1290 1640 Adsunt
1305 1614 1355 1640 ex

236 1654 390 1693 Achaia
409 1657 546 1695 cuncta
562 1657 677 1695 multi
695 1657 824 1708 legati,
840 1656 1003 1705 Boeotia,
1019 1655 1246 1701 Thessali'a3
1268 1654 1355 1706 qui·

235 1710 308 1747 bus
326 1709 417 1747 locis
442 1723 565 1761 nuper
582 1712 730 1761 legatus
753 1711 801 1748 L.
822 1711 997 1757 Flaccus,
1016 1710 1244 1761 imperatore
1263 1709 1356 1747 Me-

237 1763 341 1810 tello,
373 1764 537 1814 praefuit.
582 1765 723 1816 Neque
745 1778 832 1803 vero
859 1771 911 1812 te,
939 1764 1129 1812 Massilia,
1155 1770 1352 1815 praetereo,

235 1829 323 1867 quae
351 1817 399 1854 L.
428 1818 611 1856 Flaccum
635 1819 798 1856 militem
824 1826 1127 1870 quaestoremque
1155 1816 1352 1868 cognosti:

235 1871 345 1919 cujus
364 1884 433 1922 ego
453 1871 614 1911 civitatis
639 1872 880 1924 disciplinam
898 1880 1013 1924 atque
1030 1871 1255 1923 gravitatem
1273 1882 1351 1909 non

235 1925 362 1962 solum
393 1926 564 1974 Graeciae,
595 1926 660 1964 sed
686 1926 790 1964 haud
818 1926 892 1964 scio
918 1939 967 1964 an
990 1926 1135 1964 cunctis
1157 1924 1349 1977 gentibus,

235 1979 543 2030 anteponendam
555 1980 679 2018 dicam
695 1994 705 2017 ε
727 1993 828 2031 quae,
845 1987 924 2018 tam
937 1980 1069 2031 procul
1089 1993 1112 2017 a
1127 1979 1352 2017 Graecorum

234 2033 410 2070 omnium
422 2034 653 2084 regionibus,
663 2033 871 2085 disciplinis
882 2034 1092 2085 linguaque
1103 2033 1236 2081 divisa,
1244 2045 1349 2081 cum,

232 2085 273 2124 in
292 2086 439 2125 ultimis
458 2088 565 2125 terris
584 2088 706 2126 cincta
725 2087 927 2126 Gallorum
951 2088 1144 2138 gentibus,
1164 2085 1350 2125 barbariae

232 2138 411 2179 fluctibus
422 2141 603 2189 alluatur,
621 2142 673 2180 sic
683 2141 915 2193 optimatum
931 2141 1086 2180 consilio
1097 2142 1348 2192 gubernatur,

233 2200 278 2232 ut
290 2206 423 2234 omnes
441 2196 523 2246 ejus
540 2195 714 2235 instituta
731 2195 887 2236 laudare
898 2195 1046 2235 facilius
1059 2194 1217 2247 possint,
1231 2205 1349 2245 quam
