1425 2334
347 119 460 158 PRO
489 119 723 159 FLACCO.
755 119 859 158 ΟΜ».
895 120 954 157 11.
1159 115 1202 152 ll

107 224 154 262 de
183 226 287 263 omni
316 227 557 265 accusationis
585 227 808 278 iniquitate:
839 227 1007 278 primum
1037 224 1083 262 de
1107 233 1218 260 com-

109 279 218 316 muni
246 291 381 330 genere
409 281 575 318 testium.
600 280 713 318 Dicet
735 281 836 318 enim
860 280 963 317 natio
984 277 1143 316 minime
1170 275 1215 312 in·

108 332 329 371 testimoniis
348 333 514 372 dicendis
527 334 710 384 religiosa.
741 334 904 385 Propius
922 332 1056 370 accedo
1072 345 1082 368 :
1113 340 1211 378 nego

108 397 187 423 esse
215 385 286 424 ista
313 386 541 434 testimonia,
572 401 658 438 quae
687 395 729 425 tu
753 387 833 438 ipse
859 386 1116 438 psephismata
1145 394 1213 432 ap-

108 439 228 489 pellas
244 453 256 485 ;
283 440 348 478 sed
362 447 400 477 et
418 441 614 478 fremitum
633 441 840 491 egentium,
857 447 894 478 et
911 447 1059 477 motum
1080 448 1215 487 quem-

106 490 197 530 dam
215 493 455 531 temerarium
483 495 667 532 Graeculae
690 494 887 532 concionis.
919 493 1076 530 Intrabo
1100 489 1214 527 etiam

107 545 255 596 magis:
286 547 353 598 qui
382 548 509 598 gessit,
534 560 609 585 non
629 548 756 585 adest:
787 547 854 598 qui
876 546 1093 584 numerasse
1122 541 1214 579 dici-

108 605 184 645 tur,
216 612 292 638 non
316 608 370 638 est
395 601 601 639 deductus:
631 601 788 652 privatae
810 602 927 639 literae
949 599 1065 636 nullae
1089 595 1214 648 profe-

107 660 268 699 runtur;
297 654 460 704 publicae
478 662 630 693 retentae
649 662 737 692 sunt
755 655 794 691 in
814 660 1072 692 accusatorum
1091 657 1216 700 potes-

107 711 208 744 tate:
239 719 391 745 summa
409 716 465 746 est
494 708 533 745 in
553 709 732 746 testibus:
762 708 803 745 hi
823 708 955 745 vivunt
973 718 1061 744 cum
1087 702 1216 740 inimi-

108 758 186 797 cis:
216 760 355 799 adsunt
373 775 459 799 cum
479 762 724 800 adversariis:
753 762 927 799 habitant
952 772 1038 798 cum
1063 768 1216 795 accusa-

108 813 263 852 toribus.
292 815 434 853 Utrum
455 815 518 852 hic
537 815 689 853 tandem
709 814 1015 865 disceptationem
1032 819 1068 850 et
1087 809 1216 860 cogni-

108 865 250 904 tionem
282 868 460 915 veritatis,
492 881 540 905 an
570 869 791 906 innocentiae
819 868 945 905 labem
975 866 1143 916 aliquam
1173 874 1217 900 ac

108 919 273 967 ruinam,
306 921 385 959 fore
410 922 582 972 putatis?
613 922 744 959 Multa
773 922 874 959 enim
904 927 991 958 sunt
1013 915 1214 968 ejusmodi,

106 972 264 1021 judices,
288 982 344 1022 ut,
366 976 478 1012 etiam
503 975 534 1012 si
558 976 597 1013 in
621 975 774 1012 homine
793 975 888 1025 ipso,
909 974 956 1011 de
979 985 1054 1023 quo
1074 970 1214 1020 agitur,

110 1026 334 1077 negligenda
352 1028 440 1075 sint,
461 1035 586 1066 tamen
606 1029 645 1065 in
665 1028 876 1066 conditione
895 1035 1008 1078 atque
1026 1025 1065 1062 in
1085 1035 1215 1062 exem-

108 1079 172 1129 plo
189 1081 486 1130 pertimescenda
504 1082 712 1119 videantur.

162 1132 239 1171 XI.
269 1134 310 1172 Si
328 1147 458 1186 quem,
478 1134 610 1172 infimo
628 1135 709 1172 loco
728 1141 876 1180 natum,
893 1133 1000 1170 nullo
1018 1130 1217 1182 splendore

109 1185 210 1233 vitae,
230 1188 337 1225 nulla
366 1188 691 1226 commendatione
709 1188 835 1234 famae,
863 1186 1127 1228 defenderem3
1158 1190 1216 1220 ta-

109 1250 198 1277 men
217 1241 335 1279 civem
356 1254 379 1279 a
397 1241 554 1288 civibus,
576 1243 788 1280 communis
805 1239 1053 1278 humanitatis
1069 1239 1154 1287 jure
1173 1248 1216 1273 ac

108 1292 377 1341 misericordia,
390 1295 606 1346 deprecarer
619 1309 631 1340 3
649 1307 696 1332 ne
708 1294 849 1346 ignotis
862 1294 1035 1339 testibus,
1057 1304 1105 1329 ne
1123 1289 1216 1327 inci-

109 1346 211 1394 tatis,
243 1360 291 1386 ne
319 1348 542 1387 accusatoris
566 1348 853 1395 consessoribus,
878 1346 1056 1393 convivis,
1086 1351 1219 1382 contu-

109 1400 352 1447 bernalibus3
383 1414 430 1440 ne
458 1402 690 1449 hominibus,
720 1402 871 1439 levitate
898 1400 1054 1447 Graecis,
1086 1396 1219 1436 crude-

110 1452 216 1492 litate
234 1455 416 1502 barbaris,
437 1455 557 1494 civem
576 1469 619 1493 ac
644 1455 853 1506 supplicem
879 1460 1046 1492 vestrum
1065 1450 1218 1491 dedere-

112 1505 185 1552 tis;
216 1520 264 1546 ne
281 1508 530 1559 periculosam
554 1509 805 1547 imitationem
824 1507 991 1558 exempli
1008 1505 1163 1556 reliquis
1177 1503 1219 1540 in

110 1567 303 1613 posterum
322 1562 538 1613 proderetis.
569 1563 657 1609 Sed,
678 1575 766 1601 cum
786 1562 833 1600 L.
849 1560 976 1599 Flacci
994 1573 1051 1598 res
1068 1564 1219 1609 agatur,

112 1614 221 1664 cujus
233 1628 280 1653 ex
297 1615 444 1654 familia
463 1616 530 1667 qui
544 1616 691 1667 primus
704 1616 835 1654 consul
853 1615 974 1653 faetus
989 1621 1056 1659 est,
1072 1612 1220 1663 primus

112 1665 153 1704 in
171 1667 242 1706 hac
261 1669 408 1708 civitate
427 1670 558 1708 consul
575 1669 672 1715 fuit;
703 1670 812 1718 cujus
827 1669 964 1707 virtute
982 1666 1134 1718 regibus
1154 1677 1221 1702 ex-

112 1721 335 1770 terminatis,
354 1722 507 1762 libertas
525 1723 565 1761 in
587 1722 780 1774 republica
801 1721 1001 1761 constituta
1020 1729 1102 1765 est;
1134 1730 1221 1768 quae

113 1785 234 1826 usque
262 1775 311 1813 ad
340 1776 413 1815 hoc
446 1783 598 1828 tempus
626 1777 845 1824 honoribus,
879 1773 1060 1826 imperiis,
1093 1783 1221 1810 rerum

113 1835 305 1877 gestarum
322 1829 454 1880 gloria,
476 1831 692 1868 continuata
716 1829 948 1881 permansit3
978 1838 1142 1877 cumque
1172 1825 1220 1862 ab

112 1878 184 1919 hac
194 1883 351 1933 perenni
362 1883 641 1935 contestataque
654 1884 792 1922 virtute
803 1884 1007 1932 majorum,
1016 1892 1092 1918 non
1106 1877 1222 1916 modo

113 1943 190 1971 non
219 1935 452 1986 degenerarit
480 1937 529 1975 L.
557 1938 729 1984 Flaccus,
751 1937 815 1975 sed
841 1937 910 1984 (id,
931 1934 1033 1986 quod
1050 1932 1222 1991 maxime

114 1985 245 2026 florere
273 1989 313 2027 in
341 1990 488 2041 generis
513 1991 571 2028 sui
589 1990 709 2042 gloria
727 1989 890 2038 viderat)
911 1988 1065 2026 laudem
1090 1992 1222 2036 patriae

115 2039 157 2077 in
185 2041 397 2082 libertatem
427 2044 660 2082 vindicandae
687 2052 824 2095 praetor
850 2040 1061 2086 adamarit,
1091 2039 1131 2076 in
1149 2038 1221 2075 hoc

116 2105 186 2144 ego
213 2107 276 2133 reo
296 2107 344 2134 ne
373 2097 476 2148 quod
496 2098 748 2148 perniciosum
778 2096 999 2148 exemplum
1023 2092 1218 2145 prodatur,

115 2147 391 2198 pertimescam,
416 2150 456 2188 in
475 2163 566 2202 quo,
586 2151 700 2189 etiam
722 2150 754 2189 si
777 2150 871 2202 quid
896 2146 1063 2195 errasset,
1089 2155 1221 2203 omnes

117 2199 208 2239 boni
235 2202 514 2243 connivendum
544 2216 623 2243 esse
653 2203 924 2244 arbitrarentur
937 2202 955 2238 ?
988 2197 1105 2248 Quod
1134 2208 1222 2248 qul·
