1425 2334
321 112 433 151 PRO
463 112 685 152 SEXTIO.
717 112 820 150 cst.
851 115 914 157 57.
1089 112 1167 149 313

66 230 140 256 non
160 219 282 257 solum
305 227 384 257 arte
409 218 491 265 suit,
521 219 586 256 sed
609 219 721 256 etiam
748 219 888 264 dolore,
921 218 1167 269 exprimebat.

67 278 96 293 ⁸⁴·
115 272 222 319 Quid
251 272 353 309 enim
368 274 385 309 ‚⁹
414 272 481 322 qui
500 272 770 321 rempublicam
792 280 891 309 certo
915 272 1042 309 animo
1061 272 1170 320 adju-

66 325 172 371 verit,
193 325 376 370 statuerit,
397 325 538 362 steterit
551 337 636 361 cum
657 324 856 361 Achivis.''
885 324 1094 362 Vobiscum
1108 337 1170 361 mc

65 378 206 416 stetisse
224 378 398 421 dicebat;
428 385 567 415 vestros
597 377 745 414 ordines
771 377 1061 415 demonstrabat.
1091 379 1169 415 Re-

66 433 266 469 vocabatur
297 433 345 467 ab
377 430 571 468 universis.
603 433 630 452 “
646 431 705 467 Re
729 430 860 477 dubia,
891 443 958 468 nec
986 431 1167 468 dubitarit

64 484 179 521 vitam
196 483 340 528 offerre,
357 495 425 521 nec
439 483 551 534 capiti
570 484 815 534 pepercerit.''
846 484 941 521 Haec
953 484 1103 533 quantis
1122 486 1170 521 ab

63 537 128 574 illo
147 537 374 575 clamoribus
392 537 625 586 agebantur!
658 549 745 574 cum
772 537 868 585 jam,
889 537 1027 574 omisso
1045 545 1166 586 gestu,

64 590 185 628 verbis
210 593 345 640 poetae,
367 596 404 627 et
422 590 547 627 studio
566 590 712 637 actoris,
737 597 774 627 et
799 590 1067 641 exspectationi
1085 603 1170 627 nos-

65 651 145 687 trae,
176 643 430 693 plauderetur.
467 646 495 665 “
517 644 722 681 Summum
751 644 932 690 amicum,
960 656 1110 681 summo
1129 644 1167 680 in

65 697 241 734 bello‘’...
261 700 367 737 (nam
382 696 478 733 illud
493 696 572 746 ipse
584 703 686 734 actor
704 695 935 746 adjungebat
949 697 1069 734 amico
1089 697 1169 734 ani-

65 762 142 795 mo,
163 756 199 787 et
217 749 383 787 fortassis
406 749 577 787 homines
596 756 748 800 propter
770 750 923 800 aliquod
942 750 1169 787 desiderium

64 804 342 853 approbabant)
373 804 400 824 ‘⁶
414 815 564 840 summo
583 803 710 840 animo
729 803 973 852 praeditum.”

120 855 256 892 LVII.
285 856 393 893 Tum
411 855 491 903 illa,
513 863 655 906 quanto
674 868 761 893 cum
776 857 920 906 gemitu
940 857 1074 907 populi
1090 857 1170 894 Ro-

64 908 167 946 mani
197 910 244 946 ab
274 909 405 946 eodem
434 909 550 959 paulo
579 917 664 960 post
692 909 731 945 in
765 909 896 946 eadem
921 909 1050 947 fabula
1080 918 1168 948 sunt

64 970 147 999 acta
165 962 174 998 ἒ
208 964 235 984 “
248 962 286 999 Ο
306 969 412 1012 pater
428 962 519 1000 !''...
544 962 627 1009 Me,
654 975 716 1000 me
735 962 799 999 ille
817 964 1024 1008 absentem,
1042 971 1085 1001 ut
1103 976 1170 1014 pa-

63 1023 174 1059 trem,
189 1015 463 1066 deplorandum
477 1017 649 1066 putabat,
666 1028 780 1066 quem
797 1016 847 1062 Q.
865 1016 1040 1062 Catulus,
1054 1029 1169 1067 quem

63 1068 176 1105 multi
196 1068 260 1106 alii
279 1069 428 1119 saepein
449 1076 579 1106 senatu
599 1076 743 1119 patrem
763 1069 894 1119 patriae
913 1070 1166 1107 nominarant.

62 1122 219 1168 Quanto
238 1135 325 1160 cum
344 1122 435 1160 fletu
455 1122 501 1159 de
519 1122 594 1160 illis
613 1122 747 1159 nostris
776 1122 956 1160 incendiis
975 1135 1018 1160 ac
1036 1123 1167 1167 ruinis,

61 1186 148 1211 cum
175 1181 321 1225 patrem
346 1175 516 1226 pulsum,
542 1175 704 1225 patriam
735 1175 913 1213 afflictam
943 1175 1167 1226 deploraret,

61 1227 219 1265 domum
238 1228 442 1274 incensam,
456 1241 698 1279 eversamque
714 1228 722 1265 !
755 1229 816 1266 Sic
831 1229 921 1279 egit,
938 1236 995 1275 ut,
1011 1229 1168 1267 demon-

62 1281 178 1318 strat-21
197 1281 356 1331 pristina
380 1281 548 1327 fortuna,
569 1295 657 1319 cum
684 1294 722 1319 se
747 1282 999 1328 convertisset,
1030 1282 1168 1320 “Haec

61 1334 191 1371 omnia
211 1334 288 1372 vidi
306 1335 614 1374 inflammari’'...
641 1335 772 1372 fletum
792 1335 905 1372 etiam
932 1335 1094 1373 inimicis
1112 1343 1169 1373 at-

61 1399 136 1436 que
154 1387 291 1425 invidis
309 1388 499 1426 excitaret.
531 1388 620 1435 Pro,
651 1388 719 1425 Dii
748 1388 1008 1426 immortales!
1040 1388 1165 1439 quid?

60 1439 127 1476 illa
145 1441 469 1491 quemadmodum
494 1441 591 1478 dixit
614 1441 749 1479 idem?
779 1455 865 1492 quae
887 1441 984 1478 mihi
1013 1442 1167 1492 quidem

59 1492 114 1530 ita
131 1501 168 1531 et
186 1501 270 1532 acta
288 1502 326 1532 et
344 1495 480 1545 scripta
503 1494 679 1533 videntur
704 1508 795 1541 esse,
822 1503 865 1532 ut
888 1495 947 1532 vel
972 1508 995 1532 a
1014 1495 1165 1539 Catulo,

60 1545 91 1582 si
110 1546 316 1591 revixisset,
337 1548 513 1598 praeclare
531 1560 638 1598 posse
656 1548 730 1586 dici
749 1548 975 1586 viderentur.
1006 1548 1046 1586 Is
1065 1549 1165 1585 enim

61 1598 176 1636 libere
194 1601 465 1650 reprehendere
484 1608 521 1639 et
539 1614 713 1639 accusare
738 1601 871 1652 populi
890 1613 1166 1652 nonnunquam

62 1652 311 1691 temeritatem
340 1654 495 1700 solebat,
521 1662 588 1692 aut
617 1667 779 1692 errorem
805 1657 979 1692 senatos:
1011 1658 1039 1677 “
1053 1656 1090 1693 O
1110 1654 1169 1691 in-

62 1704 222 1753 gratifici
249 1706 415 1757 Argivi!
446 1707 578 1745 inanes
616 1708 752 1745 Graii!
783 1707 1022 1745 immemores
1054 1709 1168 1745 bene«

62 1757 135 1794 ficii
155 1758 195 1794 !''
225 1759 316 1796 Non
347 1767 425 1797 erat
453 1760 551 1798 illud
579 1760 733 1812 quidem
767 1773 926 1799 verum:
957 1773 1034 1799 non
1064 1760 1165 1798 enim

62 1810 214 1859 ingrati,
239 1812 305 1849 sed
329 1811 472 1859 miseri,
500 1814 638 1864 quibus
665 1814 818 1852 reddere
844 1815 1018 1861 salutem,
1039 1827 1063 1850 a
1091 1826 1168 1863 quo

62 1872 294 1914 acceperant,
308 1877 382 1902 non
403 1865 529 1904 liceret
545 1880 557 1912 3
587 1879 655 1905 nec
668 1880 769 1904 unus
789 1867 828 1904 in
848 1879 1081 1917 quemquam
1096 1878 1169 1903 un-

61 1929 178 1966 quam
197 1917 351 1968 gratior,
371 1931 488 1969 quam
502 1919 541 1956 in
554 1932 615 1957 me
629 1920 805 1958 universi.
835 1919 909 1958 Sed
928 1928 1052 1957 tamen
1069 1918 1167 1956 illud

63 1969 210 2020 scripsit
227 1970 492 2010 disertissimus
511 1977 622 2022 poe'ta
639 1986 709 2023 pro
727 1986 790 2011 me
803 1988 814 2010 z
845 1972 922 2023 egit
943 1972 1168 2010 fortissimus

61 2029 175 2069 actor,
196 2035 272 2060 non
298 2025 421 2062 solum
439 2026 620 2076 optimus,
646 2026 694 2064 de
711 2039 788 2072 me,
813 2038 900 2064 cum
919 2037 1048 2063 omnes
1066 2024 1166 2062 ordi-

59 2086 124 2112 nes
142 2075 441 2122 demonstraret;
472 2086 658 2126 senatum,
686 2079 829 2130 equites
850 2079 1056 2123 Romanos,
1077 2077 1164 2115 uni-

60 2139 209 2165 versum
229 2131 414 2180 populum
437 2132 673 2178 Romanum,
687 2139 899 2170 accusaret:
932 2134 960 2153 ‘⁶
976 2131 1165 2168 Exsulare

57 2180 202 2224 sinitis:
233 2183 368 2221 sivistis
386 2184 502 2234 pelli3
532 2185 685 2236 pulsum
712 2184 927 2236 patimini.”
957 2185 1056 2232 Quae
1080 2190 1163 2221 tum

113 2235 262 2282 (Orat.)
287 2248 387 2274 vor..
411 2249 481 2275 111.
823 2239 846 2274 :²
871 2247 894 2274 r:
