1425 2334
281 99 422 140 POST
451 97 720 138 REDITUM
749 98 784 137 1.·
814 99 918 138 CAP.
944 100 1017 138 10.·
1115 101 1200 138 103*

85 206 309 257 magnitudo
319 205 575 251 observantiae,
583 212 640 243 tot
647 205 834 256 tantisque
840 205 1027 244 beneficiis
1036 218 1187 256 respon.

86 259 174 297 dere
198 260 365 310 poterit?
394 259 462 310 qui
492 259 588 296 mihi
615 259 774 309 primus,
798 258 934 296 afflicto
963 267 999 296 et
1027 260 1181 307 jacenti,

84 313 317 351 consularem
342 312 456 350 fidem
488 312 737 362 dextramque
761 311 949 362 porrexit;
978 312 1043 362 qui
1071 325 1132 350 me
1160 326 1184 350 a

84 373 204 403 morte
222 365 269 403 ad
289 366 417 412 vitam,
437 379 460 403 a
473 365 726 415 desperatione
744 365 791 402 ad
810 378 928 415 spem,
949 367 996 402 ab
1008 365 1120 402 exitio
1135 366 1183 404 ad

85 418 258 463 salutem,
278 419 485 462 revocavit;
516 419 582 469 qui
601 426 704 455 tanto
718 431 843 455 amore
861 418 900 454 in
911 430 987 464 me,
1008 418 1130 456 studio
1142 419 1181 456 in

83 472 372 521 rempublicam,
386 472 471 518 fuit,
486 478 529 508 ut
540 472 778 522 excogitaret,
787 485 836 522 qu
842 471 1108 509 emadmodum
1120 484 1180 510 ca-

83 523 290 561 lamitatem
317 537 440 562 meam
471 536 546 561 non
575 525 688 562 modo
715 525 868 571 levaret,
888 524 952 562 sed
979 525 1092 562 etiam
1111 524 1180 562 ho-

81 584 254 614 nestaret.
283 576 390 624 Quid
408 577 508 614 enim
519 577 832 626 magnificentius,
847 577 939 628 quid
950 577 1178 627 praeclarius,

79 629 176 667 mihi
194 629 358 666 accidere
375 629 512 679 potuit,
539 642 653 678 quam
673 630 788 679 quod,
809 631 874 667 illo
888 629 1092 681 [petente,]
1114 643 1178 669 vos

79 681 304 727 decrevistis,
324 689 368 719 ut
385 681 510 719 cuncti
528 694 575 718 ex
597 683 702 718 omni
725 682 851 728 Italia,
877 683 944 732 qui
967 684 1174 734 rempubli-

75 747 159 772 cam
178 735 320 772 salvam
339 735 492 781 vellent,
508 734 556 771 ad
573 746 635 772 me
653 746 788 781 unum,
808 735 1000 772 hominem
1014 736 1176 774 fractum

75 794 112 825 et
129 801 246 838 prope
270 788 506 838 dissipatum,
532 788 805 824 restituendum
833 795 869 825 et
897 788 1175 827 defendendum

75 841 275 879 venirent?
310 848 366 887 ut,
397 841 475 891 qua
500 853 587 878 voce
615 847 670 878 ter
699 840 852 878 omnino
887 848 971 890 post
1006 842 1178 882 Romam

75 894 265 932 conditam
283 894 413 932 consul
438 906 528 931 usus
558 900 652 931 esset
683 906 750 943 pro
779 894 952 931 universa
979 894 1171 944 republica

75 947 179 997 apud
204 960 264 985 eos
296 946 420 985 solum
450 947 516 997 qui
535 947 616 994 ejus
635 958 762 984 vocem
792 947 969 984 exaudire
994 955 1172 998 possent;

74 1000 208 1038 eadem
237 1012 325 1038 voce
354 1007 503 1038 senatus
532 999 707 1036 omnibus
743 1000 840 1049 agris
875 1006 988 1050 atque
1024 1001 1170 1051 oppidis

74 1053 187 1100 cives,
203 1060 396 1104 totamque
414 1052 579 1100 Italiam,
600 1052 648 1091 ad
666 1052 778 1090 unius
797 1053 956 1091 salutem
968 1052 1172 1091 defenden-

69 1105 161 1143 dam
180 1107 366 1145 excitaret.

65 1184 69 1189 ·
126 1159 180 1197 X.
209 1159 316 1206 Quid
333 1172 401 1210 ego
419 1160 615 1209 gloriosius
636 1160 729 1199 meis
755 1161 910 1212 posteris
931 1162 1038 1212 potui
1056 1162 1168 1200 relin-

66 1224 201 1263 quere,
221 1225 351 1262 quam,
371 1213 441 1250 hoc
465 1220 637 1251 senatum
660 1215 860 1262 judicasse,
894 1215 960 1265 qui
987 1215 1076 1252 civis
1105 1228 1168 1253 me

65 1276 142 1303 non
161 1265 398 1311 defendisset,
411 1277 500 1302 eum
517 1267 792 1315 rempublicam
811 1268 952 1305 salvam
967 1268 1132 1305 noluisse
1145 1271 1162 1306 ?

62 1318 204 1369 -Itaque
221 1325 369 1356 tantum
388 1325 510 1355 vestra
522 1318 734 1365 auctoritas,
754 1324 904 1356 tantum
922 1320 1061 1358 eximia
1079 1333 1166 1358 con-

62 1371 157 1409 sulis
175 1371 337 1422 dignitas
351 1371 482 1417 valuit,
500 1378 546 1408 ut
563 1370 723 1408 dedecus
741 1377 778 1408 et
799 1371 986 1421 flagitium
1005 1386 1043 1410 se
1061 1386 1162 1412 com-

60 1424 212 1462 mittere
225 1431 388 1475 putaret,
409 1424 439 1461 si
450 1423 535 1474 quis
545 1435 621 1461 non
632 1423 784 1461 veniret.
813 1424 1000 1476 Idemque
1017 1428 1161 1476 consul,

58 1489 149 1515 cum
183 1477 250 1515 illa
284 1477 508 1515 incredibilis
536 1477 741 1514 multitudo
770 1478 950 1525 Romam,
984 1486 1021 1516 et
1055 1492 1163 1529 paene

57 1530 178 1568 -Italia
193 1530 288 1581 ipsa,
309 1531 482 1578 venisset,
502 1542 566 1568 vos
583 1530 902 1581 frequentissimos
920 1532 960 1569 in
979 1532 1162 1583 Capitoli.

63 1595 131 1620 um
148 1583 373 1622 convocavit.
403 1583 494 1630 Quo
521 1590 688 1634 tempore
716 1590 899 1635 quantam
918 1585 996 1622 vim
1014 1593 1160 1624 naturae

62 1636 209 1674 bonitas
226 1637 391 1683 haberet,
407 1643 473 1674 aut
486 1649 573 1674 vera
590 1636 778 1685 nobilitas,
794 1637 1000 1688 intelligere
1017 1639 1160 1689 potuis-

62 1689 122 1727 tis.
145 1690 249 1727 Nam
267 1690 318 1737 Q.
338 1689 532 1737 Metellus,
556 1696 593 1727 et
609 1689 798 1737 inimicus,
819 1697 855 1728 et
872 1690 1011 1728 frater*
1002 1691 1158 1739 inimici,

52 1742 254 1792 perspecta
271 1743 392 1781 vestra
412 1743 615 1789 voluntate,
636 1743 764 1781 omnia
781 1743 925 1794 privata
942 1744 1027 1782 odia
1044 1744 1159 1795 depo-

59 1794 162 1839 suit3
191 1808 306 1846 quem
331 1796 376 1834 P.
405 1795 598 1843 Servilius,
618 1796 674 1834 vir
701 1809 789 1834 cum
815 1796 1054 1844 clarissimus,
1074 1804 1158 1835 tum

61 1860 150 1886 vero
163 1848 341 1899 optimus,
361 1848 530 1899 mihique
548 1848 807 1895 amicissimus,
828 1856 865 1886 et
882 1850 1109 1888 auctoritatis
1121 1858 1158 1888 et

57 1901 234 1939 orationis
253 1914 329 1940 suae
347 1901 474 1940 divina
485 1901 651 1953 quadam
662 1902 855 1953 gravitate,
870 1902 918 1940 ad
936 1902 995 1940 sui
1011 1904 1156 1953 generis

58 1954 347 2005 communisque
386 1955 577 2006 sanguinis
611 1955 711 1993 facta
745 1955 974 2007 virtutesque
1005 1969 1153 1994 revoca-

59 2006 128 2053 vit,
147 2014 191 2044 ut
211 2007 391 2045 haberet
380 2019 420 2044 m
438 2008 591 2046 consilio
615 2015 652 2046 et
675 2008 828 2046 fratrem
856 2010 903 2046 ab
925 2009 1067 2054 inferis,
1094 2021 1153 2045 so-

55 2058 161 2097 cium
178 2073 304 2098 rerum
322 2073 506 2108 mearum,
526 2069 563 2099 et
575 2073 704 2099 omnes
715 2061 906 2109 Metellos,
925 2061 1154 2121 praestantis-

54 2111 172 2151 simos
189 2113 300 2162 cives,
315 2126 422 2165 paene
435 2126 483 2152 ex
499 2114 716 2153 Acheronte
733 2115 933 2153 excitatos·
962 2114 1002 2151 in
1014 2113 1152 2164 quibus

52 2164 311 2208 Numidicum
330 2167 455 2214 illum,
475 2168 584 2217 cujus
608 2167 813 2219 quondam
817 2167 864 2206 de
883 2167 1004 2217 patria
1021 2166 1154 2208 disces-
