1455 2343
199 77 278 117 202
316 76 394 116 DE
425 77 668 117 HARUSP.
698 76 967 117 RESPONS.
998 76 1103 117 CAP.
1130 77 1190 116 16.

197 184 339 224 tarium
359 184 527 224 Telluris
555 185 711 237 aperire.
752 186 890 237 Nuper
911 185 951 224 id
975 185 1140 237 patuisse
1164 183 1312 234 dicunt,

197 245 235 278 et
253 251 322 289 ego
347 239 545 278 recordor:
575 252 678 278 nunc
702 240 977 278 sanctissimam
1002 246 1163 291 partem,
1184 251 1228 277 ac
1253 251 1313 277 se-

196 291 285 330 dem
304 292 484 331 maximae
495 293 700 344 religionis,
714 293 860 344 privato
878 293 1010 331 dicunt
1022 292 1206 332 vestibulo
1225 304 1314 331 con-

197 345 320 385 tineri.
361 346 494 385 Multa
517 360 581 385 me
605 354 784 385 movent:
815 347 919 399 quod
943 347 1041 386 aedes
1066 346 1236 384 Telluris
1258 352 1315 384 est

196 400 400 438 curationis
417 413 536 439 meae:
567 401 671 452 quod
694 401 741 448 is,
768 401 835 452 qui
859 400 957 438 illud
975 399 1313 439 armamentarium

195 453 363 500 sustulit,
379 467 506 492 meam
519 455 693 502 domum,
704 454 927 505 pontificum
938 454 1082 504 judicio
1095 454 1311 502 liberatam,

197 507 408 545 secundum
419 508 576 546 fratrem
595 522 707 546 suum
717 508 927 558 judicatam
941 521 1020 547 esse
1034 508 1193 547 dicebat.
1219 506 1313 546 Mo-

195 568 259 599 vet
277 574 340 599 me
358 562 487 608 etiam,
503 562 544 599 in
563 562 633 600 hac
645 563 798 601 caritate
808 575 982 609 annonae,
996 561 1189 600 sterilitate
1203 573 1313 611 agro-

195 627 297 660 rum,
324 615 453 666 inopia
471 615 643 666 frugum,
670 616 802 666 religio
822 615 1018 661 Telluris;
1046 622 1085 654 et
1106 628 1151 653 eo
1173 614 1311 665 magis,

195 668 300 719 quod
319 669 452 707 eodem
471 676 617 707 ostento
636 669 787 707 Telluri
805 669 1009 720 postulatio
1023 668 1150 707 deberi
1161 668 1312 710 dicitur.

195 722 337 760 Vetera
354 722 510 761 fortasse
528 723 747 774 loquimur:
777 735 1014 774 quamquam
1038 722 1110 761 hoc
1127 722 1159 761 si
1183 721 1313 760 minus

193 775 295 814 civili
310 777 396 825 jure
414 777 666 828 perscriptum
685 784 753 825 est,
779 777 863 828 lege
881 784 1009 814 tamen
1027 783 1187 824 naturae,
1208 787 1312 814 com-

193 829 304 867 muni
319 831 405 879 jure
422 830 610 881 gentium,
627 831 814 869 sancitum
833 837 902 877 est,
923 837 967 868 ut
984 830 1081 868 nihil
1094 829 1271 868 mortales
1288 842 1313 867 a

193 882 283 922 Diis
300 883 580 922 immortalibus
598 898 672 922 usu
691 897 823 936 capere
841 884 997 935 possint.

247 937 342 982 XV.
373 938 522 976 Verum
541 946 669 976 tamen
687 939 846 990 antiqua
862 938 1116 989 negligimus:
1147 936 1313 976 etiamne

193 1003 240 1030 ea
256 991 508 1042 negligemus,
536 1006 623 1043 quae
641 992 740 1030 fiunt
758 1005 848 1031 cum
865 992 1065 1031 maxime?
1095 1005 1183 1043 quae
1207 990 1313 1029 vide„

192 1057 281 1084 mus
297 1047 315 1084 Ρ
345 1045 394 1083 L.
412 1045 607 1094 Pisonem,
628 1046 713 1097 quis
733 1046 862 1093 nescit,
876 1045 936 1084 his
953 1045 1044 1097 ipsis
1059 1044 1310 1096 temporibus,

193 1099 411 1138 maximum
435 1106 472 1138 et
491 1100 772 1138 sanctissimum
786 1100 925 1140 Dianae
943 1100 1123 1139 sacellum
1141 1099 1182 1136 in
1197 1097 1312 1136 Coeli-

193 1153 280 1191 culo
299 1152 527 1192 sustulisse?
556 1151 714 1192 Adsunt
732 1154 845 1192 vicini
871 1154 952 1203 ejus
965 1152 1058 1191 loci:
1089 1152 1204 1190 multi
1223 1157 1313 1192 sunt

194 1206 310 1247 etiam
329 1207 370 1245 in
388 1207 460 1245 hoc
479 1207 623 1256 ordine,
637 1207 705 1259 qui
723 1207 901 1246 sacrificia
919 1206 1123 1258 gentilicia,
1144 1206 1211 1244 illo
1228 1205 1312 1256 ipso

193 1259 235 1299 in
254 1260 403 1308 sacello,
428 1267 570 1298 statuto
593 1262 690 1310 loco,
721 1261 976 1300 amiiversaria
1000 1259 1217 1298 factitarint.
1257 1258 1313 1298 Et

194 1313 469 1365 conquirimus,
499 1314 569 1352 Dii
597 1315 829 1353 immortales
857 1327 944 1365 quae
978 1314 1062 1352 loca
1085 1313 1309 1361 desiderent,

195 1367 290 1419 quid
309 1367 535 1418 significent,
556 1367 603 1406 de
618 1381 694 1419 quo
712 1369 949 1420 loquantur?
978 1367 1020 1406 A
1039 1368 1127 1406 Sex.
1149 1367 1312 1405 Serrano

176 1427 180 1428 ⁷
193 1421 428 1461 sanctissima
439 1422 574 1460 sacella
582 1422 750 1470 suffossa,
759 1422 996 1469 inaedificata,
1005 1434 1196 1482 oppressa,
1205 1432 1311 1458 sum-

193 1474 260 1515 ma
278 1474 444 1526 denique
462 1475 699 1526 turpitudine
718 1488 797 1513 esse
814 1475 966 1524 foedata,
987 1475 1201 1514 nescimus?
1305 1511 1307 1514 Α

247 1528 314 1566 Tu
331 1541 458 1567 meam
470 1529 630 1567 domum
644 1529 858 1580 religiosam
875 1529 997 1569 facere
1015 1528 1202 1580 potuisti?
1231 1526 1312 1566 Ec-

192 1582 272 1634 qua
290 1590 418 1621 mente
432 1585 450 1621 Ρ
480 1595 598 1634 quam
622 1583 811 1622 amiseras.
849 1582 943 1630 Qua
960 1595 1079 1621 manu
1090 1581 1108 1618 Ρ
1136 1582 1215 1633 qua
1231 1581 1312 1619 dis-

191 1635 377 1676 turbatas.
399 1636 491 1684 Qua
503 1639 619 1676 voce?
641 1637 719 1687 qua
732 1637 883 1675 incendi
891 1638 1065 1686 jusseras.
1092 1635 1185 1683 Qua
1195 1636 1278 1687 lege
1289 1637 1308 1673 Ξ)

191 1702 310 1741 quam
340 1703 389 1728 ne
412 1690 452 1727 in
478 1690 546 1728 illa
571 1690 727 1742 quidem
751 1690 979 1742 impunitate
1004 1690 1072 1729 tu'a
1097 1689 1308 1740 scripseras„

191 1744 283 1791 Quo
311 1743 533 1795 pulvinari?
571 1744 674 1796 quod
703 1745 907 1795 stupraras.
949 1743 1041 1791 Quo
1071 1743 1274 1781 simulacro
1289 1744 1307 1781 ἓ

190 1797 309 1848 quod,
330 1804 503 1848 ereptum
518 1811 565 1836 ex
583 1797 787 1836 meretricis
807 1798 992 1849 sepulcro,
1013 1797 1053 1836 in
1071 1796 1309 1848 imperatoris

189 1851 427 1890 monimento
453 1851 666 1890 collocaras.
696 1851 806 1899 Quid
823 1852 940 1890 habet
956 1864 1043 1890 mea
1064 1850 1202 1889 domus
1220 1849 1308 1891 reli-

190 1904 300 1955 giosi,
327 1904 400 1944 nisi
419 1905 523 1956 quod
541 1905 683 1956 impuri
702 1913 739 1944 et
757 1906 928 1956 sacrilegi
949 1905 1134 1957 parietem
1152 1903 1275 1955 tangit
1287 1906 1306 1943 ?

191 1959 344 2010 Itaque,
364 1971 413 1997 ne
427 1959 512 2010 quis
530 1971 704 1998 meorum
723 1959 946 2010 imprudens
960 1958 1202 2010 introspicere
1218 1970 1308 2008 pos-

191 2012 240 2054 sit
254 2020 360 2052 tuam
373 2013 546 2060 domurn,
560 2026 603 2051 ac
617 2020 654 2051 te
672 2025 777 2051 sacra
788 2012 854 2051 illa
866 2020 932 2051 tua
951 2013 1151 2051 facientem
1163 2011 1305 2059 videre,

190 2066 326 2105 tollam
345 2066 457 2105 altius
484 2073 624 2105 tectum
642 2080 653 2112 3
687 2079 764 2104 non
789 2073 833 2105 ut
859 2079 929 2117 ego
947 2074 984 2105 te
1003 2065 1222 2117 despiciam,
1242 2065 1308 2106 sed

191 2131 240 2160 ne
254 2127 296 2159 tu
315 2120 497 2173 adspicias
516 2121 648 2161 urbem
669 2133 768 2168 eam,
788 2133 904 2171 quam
921 2120 1045 2158 delere
1063 2118 1227 2161 voluisti.

245 2173 365 2215 XVI.
394 2173 470 2214 Sed
480 2174 563 2223 jam
581 2173 826 2225 haruspicum
845 2173 992 2225 reliqua
1009 2185 1189 2224 responsa
1206 2171 1311 2215 vide-
