1425 2334
357 100 469 141 PRO
498 100 720 140 SEXTIO.
753 100 856 140 CAP.
889 103 925 138 3.
1117 101 1196 138 203

91 209 172 247 haec
190 208 338 255 serviat,
351 220 514 259 quorum
532 208 646 259 opera
665 215 702 246 et
720 208 815 245 mihi
835 217 870 246 et
888 207 993 246 vobis
1007 215 1043 246 et
1056 208 1198 259 populo

94 263 268 300 Romano
286 262 456 300 restituta
473 269 540 299 est.

149 315 205 352 ΙΙ.
235 315 302 362 Et,
332 327 567 366 quamquam
597 327 621 352 a
650 314 701 362 Q.
741 314 960 361 Hortensio,
994 314 1198 352 clarissimo

94 368 174 406 viro
201 375 316 420 atque
335 368 654 420 eloquentissime,
682 381 793 406 causa
815 375 870 405 est
904 369 949 405 P.
969 368 1090 406 Sextii
1117 380 1201 418 per-

94 429 212 469 orata,
229 422 399 473 nihilque
417 423 464 459 ab
481 434 524 459 eo
537 422 832 472 praetermissum
847 430 916 469 est,
934 421 1036 472 quod
1054 430 1120 458 aut
1133 433 1202 471 pro

91 475 285 526 republica
303 475 610 526 conquerendum
634 475 721 521 fuit,
743 482 808 513 aut
838 488 907 526 pro
926 488 988 513 reo
1006 474 1202 525 disputan-

93 529 213 574 dum3
243 536 371 567 tamen
400 529 596 579 aggrediar
620 529 668 566 ad
687 528 903 576 dicendum,
931 541 980 566 ne
1001 541 1087 566 mea
1111 540 1199 578 pro-

94 583 276 633 pugnatio
295 583 328 620 ei
351 582 590 633 potissimum
608 582 771 621 defuisse
789 582 974 629 videatur,
1000 594 1067 632 per
1085 593 1199 631 quem

93 643 148 673 est
166 635 389 686 perfectum,
410 648 458 673 ne
482 635 621 674 caeteris
636 635 779 674 civibus
797 636 950 674 deesset.
979 638 1113 686 Atque
1131 647 1201 684 ego

95 689 147 726 sic
166 697 302 737 statuo,
320 689 478 738 judices,
499 702 522 726 a
540 701 602 727 me
620 689 660 726 in
679 689 750 727 hac
769 689 895 736 causa,
916 696 1029 739 atque
1047 689 1118 726 hoc
1137 700 1203 725 ex-

94 750 215 780 tremo
233 742 379 781 dicendi
398 743 492 790 loco,
512 743 661 793 pietatis
679 743 806 793 potius
823 755 940 794 quam
959 741 1201 787 defensionis,

94 796 258 846 querelae
276 809 393 847 quam
409 796 649 847 eloquentiae,
661 796 798 834 doloris
813 808 930 847 quam
946 795 1101 846 ingenii,
1117 807 1205 845 par-

94 858 149 887 tes
178 862 257 888 esse
282 856 481 900 susceptas.
512 849 662 901 Itaque,
695 849 726 887 si
758 857 824 887 aut
853 849 973 887 acrius
1002 861 1112 899 egero
1137 854 1203 885 aut

96 903 264 949 liberius,
285 916 403 954 quam
428 903 495 954 qui
514 910 601 941 ante
619 916 681 941 me
699 903 877 940 dixerunt
893 916 904 947 ;
935 909 1022 954 peto
1041 914 1064 939 a
1082 901 1203 947 vobiS,

95 963 140 993 ut
158 963 308 994 tantum
332 956 489 994 orationi
517 969 611 994 meae
630 956 852 1002 concedatis,
877 963 1064 1006 quantum
1084 962 1121 992 et
1141 954 1205 1004 pio

95 1009 216 1047 dolori
235 1018 272 1047 et
287 1011 401 1059 justae
418 1010 621 1048 iracundiae
639 1009 921 1048 concedendum
943 1008 1093 1060 putetis.
1124 1008 1204 1045 Ne-

97 1075 172 1113 que
191 1063 293 1100 enim
318 1062 439 1101 officio
457 1064 691 1112 conjunctior
716 1063 822 1101 dolor
840 1063 956 1100 ullius
974 1074 1051 1100 esse
1069 1067 1204 1112 potest,

95 1129 210 1166 quam
230 1116 292 1154 hic
309 1129 431 1164 meus,
452 1124 646 1168 susceptus
660 1129 707 1155 ex
721 1116 902 1163 hominis,
918 1116 964 1153 de
983 1127 1045 1152 me
1063 1114 1205 1166 optime

96 1170 236 1216 meriti,
267 1170 459 1220 periculo;
488 1182 612 1222 neque
641 1169 834 1208 iracundia
861 1169 983 1220 magis
1014 1169 1094 1206 ulla
1121 1169 1205 1205 lau-

97 1223 237 1267 danda,
257 1235 374 1273 quam
403 1236 447 1261 ea
476 1236 562 1274 quae
588 1236 649 1261 me
667 1223 880 1261 inflammat
905 1234 1034 1260 eorum
1053 1222 1203 1264 scelere,

98 1275 166 1326 qui
196 1288 284 1313 cum
302 1277 480 1315 omnibus
505 1276 635 1315 salutis
661 1289 756 1315 meae
778 1275 1034 1314 defensoribus
1059 1275 1204 1312 bellum

96 1341 175 1367 esse
193 1329 265 1368 sibi
278 1330 486 1380 gerendum
501 1330 778 1379 judicaverunt.

149 1382 239 1429 Sed,
259 1382 440 1434 quoniam
466 1383 624 1434 singulis
653 1383 874 1421 criminibus
898 1382 1021 1420 caeteri
1050 1393 1201 1432 respon-

97 1436 247 1484 derunt,
259 1436 382 1474 dicam
402 1437 472 1488 ego
484 1437 532 1475 de
550 1437 655 1475 omni
670 1445 768 1475 statu
789 1437 834 1474 P.
851 1435 985 1480 Sextii,
1001 1435 1048 1473 de
1066 1447 1201 1486 genere

97 1489 198 1537 vitae,
216 1489 265 1527 de
293 1491 443 1538 natura,
474 1490 521 1528 de
548 1490 732 1539 moribus,
759 1490 806 1528 de
835 1489 1045 1528 incredibili
1075 1501 1202 1526 amore

97 1542 137 1580 in
165 1544 298 1604 bonos,
326 1543 374 1581 de
401 1544 526 1582 studio
550 1544 812 1582 conservandae
833 1543 965 1581 salutis
990 1541 1203 1580 communis

99 1602 213 1646 atque
230 1597 324 1634 otii·
354 1597 669 1650 contendamque,
684 1598 731 1641 (si
750 1598 864 1635 modo
882 1597 922 1634 id
941 1595 1119 1647 consequi
1137 1608 1205 1646 po-

98 1655 194 1695 tero)
213 1656 270 1697 ut,
301 1650 340 1687 in
370 1650 441 1689 hac
463 1651 620 1689 confusa
641 1658 756 1702 atque
773 1651 865 1689 univ
867 1649 948 1688 ersa
974 1649 1203 1693 defensione,

100 1702 196 1740 nihil
215 1715 238 1740 a
255 1715 331 1750 me,
347 1704 450 1754 quod
467 1705 516 1742 ad
533 1711 695 1742 vestram
711 1705 972 1756 quaestionem,
994 1702 1088 1740 nihil
1104 1701 1205 1753 quod

100 1755 148 1792 ad
177 1768 299 1802 reum,
332 1757 428 1794 nihil
471 1757 574 1809 quod
606 1758 655 1795 ad
686 1757 974 1817 rempublicam,
1005 1755 1202 1807 pertineat,

100 1810 395 1859 praetermissum
422 1819 500 1848 esse
521 1811 702 1849 videatur.
731 1811 799 1859 Et,
823 1811 1030 1871 quoniam,
1049 1809 1089 1846 in
1120 1820 1205 1858 gra-

100 1861 263 1900 vissimis
281 1863 514 1914 temporibus
543 1864 715 1912 civitatis,
735 1872 849 1916 atque
873 1865 912 1902 in
932 1862 1051 1901 ruinis
1070 1873 1205 1900 eversae

101 1922 215 1966 atque
240 1916 388 1954 afflictae
415 1917 644 1968 reipublicae,
673 1918 718 1955 P.
740 1918 860 1956 Sextii
879 1917 1091 1955 tribunatus
1110 1921 1165 1952 est
1182 1927 1205 1950 a

102 1968 284 2006 fortuna
273 1982 356 2021 ipsa
375 1969 602 2015 collocatus3
630 1984 706 2009 non
718 1971 914 2022 aggrediar
933 1969 982 2007 ad
999 1969 1065 2006 ina
1083 1965 1208 2005 maxi-

102 2033 168 2059 ma
185 2030 298 2073 atque
325 2023 559 2074 amplissima
582 2026 702 2075 prius,
729 2038 846 2076 quam
872 2024 1045 2083 docuero,
1066 2021 1206 2072 quibus

102 2075 217 2113 initiis
245 2089 288 2114 ac
320 2076 577 2116 fundamentis
600 2078 660 2116 hae
690 2086 804 2116 tantae
836 2076 994 2115 summis
1026 2075 1064 2112 in
1094 2075 1204 2112 rebus

100 2128 230 2166 laudes
250 2129 421 2168 excitatae
439 2131 525 2168 sint.

157 2182 236 2220 III.
268 2183 428 2222 Parente
459 2185 504 2223 P,
532 2185 683 2224 Sextius
713 2192 824 2223 natus
853 2191 920 2230 cst,
946 2182 1103 2232 judices,
1136 2180 1203 2218 ho-
