1425 2334
350 78 462 117 PRO
492 79 715 117 SEXTIO.
746 80 850 117 CAP-
881 82 917 119 9.
1108 82 1186 119 269

84 186 290 237 despiciens
314 185 480 224 conscios
510 192 741 236 stuprorum,
769 199 811 224 ac
835 194 973 224 veteres
997 194 1189 226 vexatores

89 240 252 278 aetatulae
269 250 361 286 suae,
380 238 523 290 puteali
542 247 578 276 et
600 238 864 276 foeneratorum
885 240 1062 290 gregibus
1080 241 1189 279 infla-

88 300 150 331 tus
166 300 283 344 atque
306 292 513 343 perculsus,
533 292 639 337 olim,
661 304 707 329 ne
727 293 874 343 Scylleo
893 293 958 330 isso
977 294 1059 331 aeris
1078 294 1189 332 alieni

88 347 128 383 in
156 345 252 384 freto
279 345 329 383 ad
357 345 574 384 columnam
603 345 880 393 adhaeresceret,
909 346 948 382 in
979 347 1190 385 tribunatius

88 405 242 450 portum
259 398 485 450 perfugerat.
515 399 792 437 Contemnebat
810 399 953 451 equites
969 400 1162 439 Romanos
1177 415 1189 445 3

89 452 336 491 minitabatur
354 452 527 498 senatui3
558 452 773 490 venditabat
791 465 830 491 se
854 452 989 504 operis,
1010 460 1124 504 atq-„ae
1142 456 1191 491 ab

87 505 134 543 iis
150 518 193 545 se
209 514 396 557 ereptum,
416 518 464 544 ne
482 506 529 544 de
546 506 693 544 ambitu
712 518 865 544 causam
884 506 1035 554 diceret,
1055 507 1191 557 praedi-

88 561 227 605 cabat3
255 561 304 597 ab
332 559 541 611 iisdemque
573 573 625 608 se,
654 559 767 598 etiam
791 560 909 598 invito
931 567 1078 608 senatu,
1104 573 1192 611 pro-

90 613 252 651 vinciam
271 625 418 664 sperare
436 613 582 651 dicebat
598 628 608 650 :
639 626 797 665 eamque
815 613 887 651 nisi
905 613 1063 664 adeptus
1081 622 1189 659 esset,

89 679 130 704 se
157 666 389 705 incolumem
413 667 520 705 nullo
538 666 652 705 modo
679 667 758 705 fore
787 667 1048 705 arbitrabatur.
1078 667 1193 704 Alter

90 722 132 762 (o
156 719 225 757 Dii
246 720 336 758 boni
350 720 381 768 2)
409 733 526 772 quam
556 727 649 758 teter
673 720 893 759 incedebat!
925 733 1042 771 quam
1064 727 1193 758 trucu-

89 773 214 811 lentus
231 773 242 810 !
271 786 388 825 quam
409 774 583 812 terribilis
601 774 779 825 adspectu
796 775 805 811 !
836 786 957 812 unum
976 774 1142 825 aliquem
1156 780 1193 812 te

89 838 137 864 ex
154 827 321 866 barbatis
344 827 433 874 illis,
463 828 684 878 exemplum
706 828 855 878 imperii
880 827 1028 875 veteris,
1058 827 1191 877 imagi-

86 891 176 918 nem
190 879 439 932 antiquitatis,
455 882 630 919 columen
643 880 872 932 reipublicae,
888 881 1028 919 diceres
1043 880 1194 918 intueri.

88 933 261 972 Vestitus
279 947 408 984 aspere
425 934 554 972 nostra
582 935 654 973 hac
671 947 841 986 purpura
858 934 1006 985 plebeia
1027 946 1070 972 ac
1088 946 1195 984 paene

86 986 221 1032 fusca3
251 987 387 1038 capillo
413 988 466 1025 ita
497 988 662 1035 horrido,
692 995 737 1025 ut
762 987 911 1039 Capua,
942 987 982 1024 in
1013 1000 1091 1038 qua
1116 987 1196 1037 ipse

87 1046 186 1088 tum,
202 1040 380 1091 imaginis
391 1041 568 1079 omandae
580 1041 708 1089 causa,
724 1040 1012 1079 duumviratum
1027 1042 1194 1091 gerebat,

87 1093 298 1144 Seplasiam
310 1094 528 1132 sublaturus
541 1094 741 1132 videretur.
772 1094 878 1132 Nam
891 1093 984 1146 quid
997 1093 1119 1144 egode
1133 1106 1190 1131 su-

88 1146 242 1198 percilio
273 1146 428 1185 dicam?
458 1147 561 1198 quod
593 1154 677 1185 tum
710 1147 930 1186 hominibus
959 1159 1036 1185 non
1064 1159 1196 1198 super-

87 1200 235 1247 cilium,
254 1200 319 1238 sed
337 1200 476 1252 pignus
495 1200 726 1252 reipublicae,
742 1200 940 1239 videbatur
955 1215 964 1237 :
996 1207 1101 1238 tanta
1119 1207 1199 1237 erat

87 1253 252 1304 gravitas
268 1253 309 1290 in
334 1254 458 1301 oculo,
478 1260 584 1292 tanta
601 1253 802 1292 contractio
821 1254 968 1301 frontis,
989 1260 1031 1291 ut
1049 1253 1117 1291 ino
1135 1266 1196 1290 su-

87 1306 242 1358 percilio
268 1307 493 1357 respublica,
525 1314 724 1358 tamquam
756 1307 916 1345 Atlante
945 1307 1096 1355 coelum,
1127 1306 1197 1343 niti

88 1359 288 1398 videretur.
316 1360 415 1398 Erat
444 1360 607 1412 denique
639 1360 701 1398 hic
729 1361 905 1398 omnium
937 1373 1085 1398 sermo:
1127 1360 1199 1397 Est

87 1419 218 1451 tamen.
246 1412 462 1464 reipublicae
491 1426 677 1465 magnum
700 1413 933 1465 firmumque
958 1413 1196 1452 subsidium:

86 1467 222 1515 habeo,
253 1479 370 1518 quem
394 1479 587 1519 opponam
606 1467 684 1506 labi
706 1467 764 1505 illi
794 1475 909 1519 atque
927 1479 1055 1506 coeno:
1086 1467 1198 1505 vultu

87 1520 253 1563 (medius
274 1520 406 1568 fidius)
436 1521 590 1572 collegae
623 1520 682 1559 sui
709 1520 904 1559 libidinem
929 1520 1200 1570 levitatemque

87 1572 262 1624 franget:
292 1573 449 1612 habebit
467 1582 618 1613 senatus
648 1574 688 1612 in
705 1574 810 1613 hunc
826 1587 986 1623 annum,
1007 1586 1123 1625 quem
1142 1586 1199 1611 se-

87 1633 255 1677 quatur.
286 1638 362 1665 non
387 1627 505 1666 deerit
529 1635 660 1666 auctor
683 1634 722 1666 et
749 1627 830 1666 dux
854 1628 975 1666 bonis.
1005 1626 1111 1665 Mihi
1132 1626 1199 1664 de-

89 1679 206 1730 nique
223 1679 395 1719 homines
423 1681 612 1732 praecipue
635 1681 938 1732 gratulabantur,
964 1680 1068 1733 quod
1092 1679 1200 1717 habi-

89 1739 201 1771 turus
218 1744 354 1782 essem,
372 1741 503 1773 contra
516 1735 714 1773 tribunum
731 1734 852 1786 plebis
870 1734 1059 1772 furiosum
1077 1739 1114 1771 et
1132 1745 1199 1770 au-

91 1785 242 1835 dacem,
267 1798 357 1825 cum
385 1787 552 1826 amicum
571 1795 609 1827 et
632 1788 800 1837 affinem,
827 1795 913 1827 tum
931 1788 1048 1826 etiam
1065 1786 1201 1825 fortem

92 1846 133 1877 et
148 1851 304 1890 gravem
321 1841 526 1879 consulem.

149 1892 226 1931 IX.
254 1893 387 1946 Atque
415 1906 547 1932 eorum
575 1894 670 1934 alter
700 1894 836 1934 fefellit
856 1894 1061 1934 neminem.
1101 1890 1202 1939 Quis

93 1945 197 1984 enim
215 1946 366 1985 clavum
383 1948 481 1986 tanti
493 1948 643 2000 imperii
656 1955 797 1997 tenere,
813 1955 851 1987 et
863 1946 1119 2008 gubernacula
1132 1944 1203 1982 rei-

93 1999 258 2050 publicae
275 2006 433 2039 tractare
448 2001 491 2039 in
508 2002 678 2041 maximo
692 2015 804 2042 cursu
825 2015 868 2041 ac
884 2000 1076 2046 fluctibus,
1097 2011 1204 2049 posse

95 2052 339 2092 arbitraretur
363 2054 557 2094 hominem
580 2068 768 2095 emersum
793 2056 917 2095 subito
940 2066 988 2092 ex
1013 2051 1203 2091 diuturnis

96 2106 259 2145 tenebris
272 2107 478 2147 lustrorum
498 2122 541 2147 ac
560 2117 792 2161 stuprorum,
814 2109 916 2155 vino,
936 2106 1079 2159 ganeis,
1099 2105 1205 2143 leno-

91 2170 212 2210 cmm>
223 2160 755 2215 admteriisque‚confecuun.
746 2166 763 2191 ⁹
783 2175 871 2202 curn
884 2162 929 2208 is,
939 2167 1074 2214 praeter
1082 2170 1202 2211 spem,

815 2218 839 2253 2
860 2227 889 2254 A
908 2216 933 2252 3
