1455 2343
199 96 278 137 198
316 95 394 135 DE
425 95 670 135 HARUSP.
699 93 968 135 RESPONS.
997 92 1102 132 CAP.
1128 93 1190 132 12.

198 203 294 252 tule,
313 205 424 255 cujus
443 202 553 243 abavi
570 202 749 242 manibus
769 208 864 241 esset
877 206 1042 253 accepta,
1063 205 1309 252 spectatorem

200 270 280 296 esse
294 258 424 297 voluit.
454 257 572 306 Quod
583 257 623 295 ni
634 264 677 295 tu
691 255 902 308 Megalesia
913 255 980 293 illo
991 254 1053 292 die
1067 261 1234 306 spectare
1246 266 1314 292 vo-

199 311 349 360 luisses,
367 312 473 350 haud
491 311 566 350 scio
584 324 634 349 an
652 310 776 349 vivere
794 310 917 356 nobis,
938 316 1053 360 atque
1070 307 1188 346 hisde
1200 308 1314 345 rebus

196 366 282 415 jam
300 365 421 417 queri,
440 365 578 404 liceret.
608 364 682 403 Vis
707 364 809 402 enim
834 361 1122 401 innumerabilis
1145 361 1314 409 incitata,

201 432 250 458 ex
269 419 446 457 omnibus
465 419 555 457 vicis
574 418 743 466 collecta,
763 429 958 456 servorum
970 417 1017 454 ab
1029 416 1102 454 hoc
1116 414 1216 454 aedili
1226 414 1316 452 reli-

201 472 322 524 gioso,
341 479 494 524 repente
522 471 728 510 fornicibus
749 471 928 522 ostiisque
949 469 1141 517 omnibus,
1167 469 1208 507 in
1238 481 1317 506 sce-

201 538 308 575 nam,
329 527 436 579 signo
448 526 551 575 dato,
571 525 742 563 immissa
752 525 900 576 irrupit.
930 523 1020 562 Tua
1031 530 1129 571 tum,
1143 530 1223 570 tua,
1240 521 1314 560 Cn.

203 579 384 629 Lentule,
405 580 537 618 eadem
556 580 676 618 virtus
693 579 782 625 fuit,
802 591 889 629 quae
905 577 947 615 in
960 577 1107 628 privato
1121 575 1316 628 quondam

204 640 272 672 tuo
290 647 443 685 proavo.
479 633 553 681 Te,
580 645 735 680 nomen,
755 631 976 683 imperium,
997 643 1142 679 vocem,
1162 629 1317 680 adspec-

206 693 306 735 tum,
326 687 517 739 impetum
535 694 664 734 tuum,
685 693 787 724 stans
805 692 970 733 senatus,
999 684 1220 735 equitesque
1237 684 1320 722 Ro-

205 741 326 790 mani,
347 748 384 779 et
401 753 532 779 omnes
549 740 641 778 boni
659 741 928 791 sequebantur,
941 750 1030 776 cum
1044 737 1109 775 ille
1123 749 1318 776 servorum

206 801 244 833 et
268 794 463 832 ludiorum
487 793 728 832 multitudini
756 800 931 831 senatum
954 791 1218 844 populumque
1239 791 1322 829 Ro-

206 860 369 886 manum
387 848 557 887 vinctum
576 848 659 899 ipso
677 859 866 894 consessu,
894 853 931 884 et
954 845 1199 884 constrictum
1216 857 1321 896 spec-

207 901 357 952 taculis,
388 909 504 954 atque
527 901 757 954 impeditum
779 898 891 939 turba
915 906 953 938 et
976 898 1174 950 angustiis,
1204 897 1322 937 tradi-

209 954 337 994 disset.

263 1009 349 1059 An,
378 1009 412 1048 si
428 1009 558 1048 ludius
583 1007 763 1058 constitit,
783 1016 851 1047 aut
875 1008 1014 1047 tibicen
1031 1013 1184 1059 repente
1201 1006 1322 1046 conti-

210 1062 303 1111 cuit,
322 1070 390 1102 aut
407 1075 503 1115 puer
513 1064 577 1101 ine
588 1062 775 1115 patrimus
789 1071 826 1101 et
836 1062 1038 1101 matrimus
1051 1061 1084 1100 si
1095 1068 1234 1099 terram
1245 1072 1323 1099 non

210 1116 348 1166 tenuit,
368 1124 435 1155 aut
453 1117 628 1155 thensam
645 1123 713 1154 aut
729 1117 856 1155 lorum
874 1115 1014 1164 omisit,
1042 1120 1123 1163 aut,
1149 1114 1182 1153 si
1205 1114 1326 1154 aedilis

211 1171 327 1209 verbo
345 1178 412 1209 aut
430 1171 596 1222 simpulo
615 1170 815 1219 aberravit,
834 1169 918 1208 ludi
935 1176 1025 1208 sunt
1041 1181 1118 1207 non
1135 1168 1206 1206 rite
1218 1167 1324 1218 facti,

211 1235 333 1275 eaque
351 1230 473 1263 errata
491 1224 707 1276 expiantur,
738 1230 776 1262 et
796 1230 943 1262 mentes
964 1222 1139 1261 Deorum
1166 1222 1331 1260 immor·

212 1277 365 1324 talium,
384 1277 566 1316 ludorum
583 1277 868 1326 instauratione,
880 1277 1080 1328 placantur
1092 1289 1117 1322 ς4
1134 1275 1166 1314 si
1178 1275 1262 1313 ludi
1275 1277 1325 1314 ab

211 1329 347 1369 laetitia
364 1331 414 1369 ad
434 1338 585 1370 metum
610 1330 774 1369 traducti
801 1338 914 1377 sunt;
943 1330 976 1368 si
1000 1342 1078 1368 non
1105 1328 1324 1378 intermissi,

211 1383 281 1422 sed
296 1384 457 1436 peremti
475 1391 591 1436 atque
609 1384 748 1423 sublati
773 1391 887 1431 sunt;
917 1383 948 1422 si
965 1382 1107 1423 civitati
1124 1382 1325 1432 universae,

215 1438 353 1476 scelere
370 1439 451 1487 ejus
469 1439 538 1490 qui
555 1437 666 1476 ludos
684 1437 733 1476 ad
750 1438 899 1476 luctum
918 1437 1086 1476 conferre
1103 1436 1238 1484 voluit,
1259 1449 1328 1475 ex-

216 1490 395 1530 stiterunt
421 1491 501 1530 dias
522 1491 581 1529 illi
607 1491 693 1530 festi
717 1504 826 1543 paene
852 1491 1020 1538 funesti;
1050 1489 1328 1539 dubitabimus,

216 1557 314 1596 quos
330 1544 396 1583 ille
413 1544 589 1584 fremitus
606 1545 757 1584 nuntiet
768 1544 879 1584 ludos
892 1557 970 1583 esse
983 1544 1148 1596 pollutos
1161 1546 1179 1583 ’ἓ
1207 1544 1284 1591 Ac,
1297 1543 1331 1582 si

216 1598 396 1637 volumus
415 1611 472 1646 ea,
491 1612 579 1651 quae
602 1599 649 1638 de
668 1611 821 1650 quoque
839 1598 925 1637 Deo
943 1598 1052 1637 nobis
1069 1597 1208 1636 tradita
1225 1604 1333 1646 sunt,

217 1651 430 1699 recordari3
459 1653 558 1691 hanc
587 1652 758 1691 Matrem
783 1651 988 1703 Magnam,
1014 1652 1125 1702 cujus
1149 1651 1233 1689 ludi
1250 1650 1333 1690 vio-

217 1705 301 1754 lati,
313 1705 465 1757 polluti,
481 1718 589 1758 paene
600 1706 651 1744 ad
668 1706 809 1745 caedem
828 1713 866 1745 et
878 1705 928 1744 ad
940 1705 1057 1745 funus
1070 1704 1230 1745 civitatis
1243 1716 1336 1744 con-

218 1759 317 1797 versi
335 1767 438 1807 sunt,
457 1760 556 1798 hanc
567 1760 761 1811 (inquam)
779 1760 993 1811 accepimus
1010 1772 1119 1812 agros
1130 1767 1336 1799 etnemora

219 1825 311 1851 cum
328 1813 498 1865 quodam
517 1813 675 1865 strepitu
693 1813 924 1865 fremituque
940 1826 1152 1865 peragrare.

274 1866 378 1905 XII.
407 1867 506 1905 Haec
528 1867 645 1918 igitur
665 1867 786 1916 vobis,
804 1867 886 1907 haec
909 1868 1052 1919 populo
1076 1867 1269 1916 Romano,
1295 1873 1335 1906 et

223 1920 410 1959 scelerum
428 1920 568 1959 indicia
584 1920 760 1968 ostendit,
775 1928 812 1960 et
829 1921 1085 1973 periculorum
1103 1921 1212 1973 signa
1227 1927 1337 1972 pate-

222 1973 323 2012 fecit.
352 1973 460 2012 Nam
474 1974 568 2026 quid
579 1987 649 2026 ego
660 1974 707 2012 de
724 1974 800 2013 illis
817 1974 919 2013 ludis
931 1975 1082 2027 loquar,
1097 1987 1193 2027 quos
1205 1974 1246 2012 in
1258 1975 1337 2013 Pa-

222 2027 316 2066 latio
344 2027 463 2066 nostri
486 2029 662 2078 majores,
686 2035 775 2067 ante
796 2029 1000 2080 templum,
1019 2028 1061 2066 in
1085 2028 1168 2080 ipso
1193 2027 1341 2066 Matris

223 2080 384 2132 Magnae
409 2089 627 2133 conspectu,
657 2081 945 2133 Megalensibus
969 2082 1051 2120 fieri
1079 2081 1336 2133 celebrarique

224 2135 426 2173 voluerunt
438 2137 455 2174 Ρ
476 2135 543 2187 qui
561 2143 649 2174 sunt
659 2148 765 2174 more
778 2136 1035 2188 institutisque
1047 2135 1217 2174 maxime
1228 2135 1335 2182 casti,

224 2188 425 2239 sollennes,
452 2189 640 2241 religiosi3
672 2189 811 2242 quibus
833 2189 933 2230 ludis
958 2189 1143 2241 primum,
1162 2195 1249 2229 ante
1266 2201 1336 2241 po-
