1435 2328
195 110 221 146 3
479 106 594 147 PRO
625 106 862 147 FLACCO.
893 107 998 146 CAP.
1021 108 1058 153 7.

190 228 214 254 a
237 215 446 265 majoribus
474 215 703 267 accepimus,
724 215 757 254 si
779 215 935 267 quidem
955 217 1196 256 teneremus!
1227 219 1309 268 sed,

193 270 320 307 nescio
340 282 418 320 quo
436 277 563 320 pacto,
581 271 664 318 jam
683 270 732 308 de
745 270 925 308 manibus
945 271 1118 308 elabitur.
1148 272 1313 311 Nullam

190 323 294 361 enim
313 323 370 360 illi
396 323 515 361 nostri
545 324 809 375 sapientissimi
832 330 869 362 et
893 324 1118 362 sanctissimi
1137 325 1210 363 viri
1227 325 1307 365 vim

188 377 379 415 concionis
403 390 480 415 esse
510 378 722 416 voluerunt.
752 378 853 425 Quae
876 377 1045 415 scisceret
1068 379 1212 429 plebes,
1239 386 1307 418 aut

188 444 276 482 quae
294 431 460 482 populus
475 432 650 481 juberet;
682 432 858 470 submota
874 431 1064 478 concione,
1095 432 1307 472 distributis

187 485 374 536 partibus,
406 485 581 523 tributim
612 493 648 523 et
673 486 913 523 centuriatim
943 485 1138 536 descriptis
1163 486 1307 524 ordini-

187 540 274 586 buS,
295 539 491 584 classibus,
513 540 701 586 aetatibus,
726 539 865 576 auditis
884 540 1113 586 auctoribus,
1135 553 1175 578 re
1202 541 1308 578 mul-

188 599 246 630 tos
265 593 343 631 dies
361 594 606 644 promulgata
635 601 672 631 et
690 593 855 644 cognita,
878 593 1007 642 juberi
1026 594 1220 646 vetarique
1239 608 1307 633 vo·

188 646 356 684 Iuerunt.

244 701 468 739 Graecorum
498 708 626 739 autem
652 707 741 738 totae
766 700 990 752 respublicae
1023 700 1186 740 sedentis
1216 715 1306 740 con-

187 753 304 792 cionis
333 755 543 793 temeritate
575 755 899 792 administrantur.
941 755 1092 806 Itaque,
1126 763 1171 794 ut
1206 755 1306 795 hanc

187 808 377 846 Graeciam
409 812 514 860 (quae
536 808 687 858 jamdiu
711 808 788 847 suis
811 808 976 846 consiliis
998 810 1170 860 perculsa
1192 817 1229 848 et
1247 810 1306 848 af-

185 861 288 899 flicta
302 869 372 909 est)
390 863 565 900 omittam
579 876 590 908 ς
621 863 688 900 illa
702 870 823 910 vetus,
840 876 927 913 quae
942 862 1136 913 quondam
1151 863 1303 914 opibus,

184 915 358 967 imperio,
380 916 501 967 gloria
519 916 662 963 floruit,
676 917 753 954 'hoc
775 929 854 954 uno
872 917 975 954 malo
994 916 1169 963 concidit,
1188 917 1304 955 liber-

184 975 262 1007 tate
293 970 546 1008 immoderata
575 984 619 1009 ac
654 970 807 1008 licentia
843 971 1080 1009 concionum.
1121 970 1225 1009 Cum
1261 971 1303 1009 in

184 1023 332 1062 theatro
371 1024 541 1075 imperiti
576 1024 765 1073 homines,
801 1037 931 1062 rerum
969 1024 1146 1062 omnium
1190 1024 1302 1063 rudes

185 1077 399 1129 ignarique,
421 1078 695 1123 consederant3
723 1086 808 1115 tum
834 1079 936 1116 bella
953 1078 1106 1115 inutilia
1119 1079 1303 1130 suscipie-

183 1132 302 1177 bant;
333 1139 418 1169 tum
447 1132 640 1170 seditiosos
668 1132 842 1169 homines
870 1132 1088 1182 reipublicae
1120 1132 1302 1182 praeficie-

183 1186 305 1231 bant3
342 1192 426 1223 tum
456 1186 599 1236 optime
630 1186 785 1223 meritos
815 1185 913 1223 cives
943 1199 963 1224 e
993 1185 1144 1224 civitate
1176 1186 1301 1235 ejicie-

185 1240 290 1277 bant.

237 1291 356 1339 Quod
386 1292 416 1330 si
439 1293 521 1331 haec
547 1292 714 1330 Athenis
737 1299 836 1340 tum,
864 1306 953 1331 cum
972 1292 1048 1330 illae
1066 1305 1144 1330 non
1174 1293 1300 1331 solum

182 1346 223 1384 in
243 1346 405 1394 Graecia,
427 1347 491 1384 sed
510 1359 628 1397 prope
646 1347 790 1385 cunctis
815 1347 991 1397 gentibus
1011 1347 1217 1395 enitebant,
1237 1360 1300 1386 ac·-

181 1400 303 1438 cidere
336 1408 426 1437 sunt
454 1401 588 1445 solita3
619 1414 737 1452 quam
767 1400 1065 1438 moderationem
1092 1401 1236 1452 putatis
1257 1401 1299 1439 in

183 1453 355 1504 Phrygia
387 1461 453 1492 aut
475 1454 516 1491 in
547 1454 680 1505 Mysia
709 1455 935 1492 concionum
962 1454 1108 1492 fnisse?
1137 1455 1300 1493 Nostras

181 1508 377 1545 conciones
395 1508 550 1545 illarum
569 1509 769 1545 nationum
783 1509 957 1546 homines
967 1509 1196 1559 plerumque
1213 1521 1300 1560 per-

180 1563 361 1599 turbant.
394 1562 501 1612 quid,
529 1575 618 1600 cum
643 1562 714 1600 soli
733 1570 821 1600 sunt
839 1562 925 1613 ipsi,
947 1562 1101 1600 tandem
1126 1562 1208 1600 fieri
1226 1575 1300 1613 pu-

180 1615 301 1653 tatis?
332 1615 462 1653 Caesus
492 1623 546 1653 est
577 1615 691 1666 virgis
718 1616 831 1667 Cy-ni
822 1630 898 1654 nus
929 1615 994 1654 ille
1015 1616 1297 1667 Athenagoras,

181 1669 250 1719 qui
267 1669 307 1705 in
327 1668 430 1707 fame
454 1669 693 1707 frumentum
712 1678 909 1721 exportare
938 1677 1018 1707 erat
1037 1682 1163 1707 ausus.
1193 1670 1299 1708 Data

179 1723 309 1760 concio
338 1723 461 1761 Laelio
491 1730 569 1761 est:
600 1724 779 1773 processit
811 1724 889 1767 ifle..
930 1730 967 1761 et
1004 1723 1161 1761 Graecus
1193 1723 1297 1775 apud

181 1775 334 1814 Graecos
352 1789 430 1814 non
448 1776 495 1814 de
513 1778 627 1828 culpa
646 1778 715 1815 suit
733 1777 844 1823 dixit,
861 1777 926 1815 sed
945 1777 992 1814 de
1010 1777 1123 1828 poena
1140 1785 1298 1828 questus

179 1837 246 1868 est.
275 1830 532 1868 Porrexerunt
545 1844 706 1868 manus:
728 1830 947 1882 psephisma
965 1838 1100 1868 natum
1120 1838 1186 1869 est.
1208 1830 1297 1868 Hoc

178 1883 440 1921 testimonium
467 1887 555 1923 est?
586 1885 723 1936 Nuper
748 1884 906 1935 epulati,
934 1885 1050 1935 paulo
1073 1891 1161 1922 ante
1189 1884 1298 1922 omni

178 1937 379 1988 largitione
416 1938 587 1986 saturati,
623 1939 864 1989 Pergameni,
907 1938 1012 1989 quod
1049 1937 1296 1976 Mithridates

178 1991 265 2042 (qui
283 1991 571 2030 multitudinem
590 1992 698 2030 issam
709 2005 787 2029 non
806 1992 1040 2039 auctoritate,
1063 1991 1129 2029 sed
1147 1991 1294 2042 sagina,

178 2047 348 2092 tenebat)
369 2058 407 2083 se
425 2046 522 2083 velle
540 2046 651 2093 dixit,
672 2046 711 2083 id
729 2053 886 2092 sutores,
912 2045 953 2082 id
971 2045 1127 2093 zonarii,
1147 2045 1297 2083 concla-

178 2097 345 2136 marunt.
377 2099 465 2137 Hoc
483 2100 746 2138 testimonium
776 2106 831 2137 est
856 2099 1048 2137 civitatis?
1077 2099 1164 2150 Ego
1183 2105 1296 2136 testes

177 2164 202 2189 a
231 2153 361 2191 Sicilia
388 2153 542 2204 publice
566 2154 686 2192 duxi:
717 2166 851 2192 verum
877 2160 984 2190 erant
1013 2166 1057 2191 ea
1079 2151 1296 2190 testimonia

176 2218 254 2244 non
285 2207 482 2247 concitatae
499 2207 703 2256 concionis,
725 2207 790 2246 sed
817 2206 935 2257 jurati
954 2208 1116 2245 senatus.
1147 2205 1295 2253 Quare,
