1425 2334
331 79 442 118 PRO
472 77 737 118 PLANCIO.
767 79 871 118 CAP.
903 81 940 117 8.
1112 80 1188 116 225

93 185 206 224 vestri
223 185 451 236 famffiaeque
469 186 667 233 contentio,
684 184 759 236 quii
777 187 842 223 abs
858 193 893 223 te
913 185 1082 223 vincitur.
1113 185 1192 224 Cur

94 239 196 277 enim
214 250 288 276 non
308 239 495 285 confitear,
523 238 624 289 quod
650 251 795 276 necesse
820 241 903 276 est?
934 238 996 276 sed
1026 251 1100 276 non
1129 238 1191 276 hic

94 292 229 342 magis,
248 304 364 342 quam
383 304 452 341 ego
480 305 502 328 a
519 292 612 329 meis
631 291 947 341 competitoribus,
975 299 1010 329 et
1029 291 1135 338 alias,
1155 299 1193 329 et

94 345 134 381 in
153 345 364 383 consulatus
387 344 577 395 petitione,
598 345 781 383 vincebar.
825 344 899 382 Sed
925 344 1021 390 vide,
1043 356 1089 381 ne
1112 345 1192 382 haee

94 397 189 448 ipsa,
223 411 308 448 quae
331 397 500 448 despicis,
526 397 615 436 huic
643 397 845 448 suffragata
873 397 958 434 sint.
999 397 1060 435 Sic
1093 398 1193 434 enim

94 450 338 488 conferamus.
367 451 441 488 Est
458 460 567 488 tuum
586 463 722 488 nomen
749 451 908 501 utraque
937 450 1082 487 familie,
1106 463 1193 488 con-

95 504 227 542 sulare.
259 504 368 541 Num
386 503 535 542 dubitas
555 503 683 554 igitur,
708 504 800 554 quin
818 516 960 549 omnes,
982 503 1048 553 qui
1066 503 1192 541 favent

93 556 293 603 nobilitati,
307 557 372 607 qui
390 557 430 595 id
448 565 584 607 putant
595 569 672 594 esse
683 557 994 607 pulcherrimum,
1011 556 1077 607 qui
1095 557 1190 593 ima-

92 609 257 660 ginibus,
278 610 343 660 qui
362 610 590 657 nominibus,
611 610 739 647 vestris
757 610 961 657 ducuntur,
981 619 1017 646 te
1043 609 1191 646 aedilem

94 663 279 701 fecerint?
308 663 500 713 Equidem
519 675 594 700 non
609 663 751 700 dubito.
782 663 870 710 Sed,
884 663 914 701 si
928 675 1063 713 parum
1082 662 1195 700 multi

94 723 196 763 sunt,
224 716 290 767 qui
318 716 552 754 nobilitatem
584 724 711 754 ament
726 730 738 760 ς
768 728 863 753 num
889 717 959 754 ista
990 723 1045 754 est
1067 723 1194 754 nostra

94 769 237 819 culpa?
267 769 421 807 Etenim
440 769 488 807 ad.
506 777 619 820 caput
637 776 673 807 et
691 769 739 807 ad
757 769 899 807 fontem
918 769 1114 820 utriusque
1128 781 1192 819 ge-

95 823 194 860 neris
211 823 416 860 veniamus.

148 876 270 914 VIII.
299 876 361 913 Tu
383 889 420 914 es
439 889 485 914 ex
503 876 709 927 municipio
727 876 986 928 antiquissimo
1005 876 1192 913 Tuscula-

97 940 160 976 no,
181 942 228 967 ex
247 942 322 980 quo
336 929 509 979 plurimae
527 930 681 967 familiae
700 937 787 967 sunt
805 929 1014 968 consulares
1034 930 1088 971 (in
1108 929 1194 979 qui-

93 983 165 1020 bus
190 990 246 1020 est
272 982 385 1020 etiam
403 983 617 1031 Juventia),
638 990 729 1034 quot
757 996 777 1020 e
802 983 955 1034 reliquis
979 982 1194 1032 municipiis

93 1035 268 1073 omnibus
283 1048 358 1074 non
377 1043 475 1073 sunt.
505 1036 582 1073 Hic
601 1044 655 1073 est
673 1049 693 1073 e
704 1035 924 1086 praefectura
937 1035 1100 1082 Atinati,
1117 1047 1193 1072 non

95 1096 173 1125 tam
198 1089 332 1139 prisc-21,
353 1101 428 1126 non
447 1096 525 1126 tam
544 1089 738 1137 honorata,
764 1101 840 1126 non
866 1096 944 1127 tam
963 1088 1191 1126 suburbana.

94 1141 295 1188 Quantum
312 1142 486 1180 interesse
498 1142 551 1180 vis
563 1142 611 1179 ad
622 1142 804 1180 rationem
816 1141 966 1193 petendi
981 1144 997 1179 ?
1018 1141 1194 1179 Primum

93 1201 224 1231 utrum
242 1195 363 1246 magis
380 1194 504 1232 favere
521 1202 632 1245 putas
648 1195 838 1243 Atinates,
867 1208 916 1232 an
941 1195 1192 1243 Tusculanos,

93 1247 202 1286 suis?
229 1247 369 1295 Alteri,
395 1248 504 1291 (scire
534 1248 634 1286 enim
659 1248 744 1296 hoc,
775 1256 926 1299 propter
948 1247 1191 1294 vicinitatem,

93 1300 201 1338 facile
218 1308 389 1351 possum)
421 1314 508 1340 cum
530 1301 646 1350 hujus
678 1302 905 1339 ornatissimi
929 1309 1041 1352 atque
1060 1301 1194 1351 optimi

93 1353 178 1400 viri,
199 1354 270 1392 Cn.
294 1354 500 1400 Saturnini,
527 1361 672 1405 patrem
699 1355 861 1401 aedilem,
891 1367 979 1392 cum
995 1361 1193 1405 praetorem

92 1406 280 1455 viderunt,
301 1407 420 1459 (quod.
437 1407 582 1458 primus
600 1408 664 1446 ille
677 1421 753 1446 non
767 1408 880 1446 modo
897 1407 937 1445 in
952 1420 1035 1445 eam
1053 1407 1194 1444 famili-

93 1472 170 1506 am,
190 1460 255 1498 sed
273 1460 386 1498 etiam
403 1461 443 1498 in
461 1460 721 1511 praefecturam
739 1462 860 1508 illam,
874 1461 1004 1499 sellam
1023 1461 1193 1498 curulem

91 1513 291 1561 attulisset)
310 1514 527 1551 mirandum
546 1514 586 1551 in
604 1515 761 1553 modum
779 1515 895 1552 laetati
913 1521 1012 1552 sunt.
1040 1514 1195 1551 Alteros

94 1566 233 1613 (credo,
252 1567 343 1618 quia
360 1567 539 1605 refertum
558 1575 612 1605 est
636 1567 887 1618 municipium
906 1567 1189 1611 consularibus3

93 1629 184 1656 nam
207 1620 411 1658 malevolos
428 1632 503 1657 non
529 1633 606 1658 esse
626 1628 724 1659 certo
742 1621 833 1666 scio)
861 1633 1058 1672 nunquam
1082 1620 1195 1657 intel-

94 1670 172 1708 lexi
189 1671 445 1711 vehementius
463 1673 663 1712 hominum
682 1687 836 1712 suorum
849 1674 989 1712 honore
1006 1673 1137 1711 laetari.

148 1724 346 1763 Habemus
360 1726 431 1764 hoc
444 1739 534 1764 nos:
556 1727 696 1765 habent
707 1734 834 1766 nostra
846 1727 1064 1777 municipia.
1085 1725 1192 1773 Quid

94 1790 165 1827 ego
186 1777 233 1815 de
251 1790 327 1826 me,
346 1778 393 1816 de
410 1778 522 1817 fratre
540 1792 639 1828 meo,
658 1781 823 1831 loquar?
851 1792 1016 1832 quorum
1041 1779 1192 1817 honori-

94 1832 166 1871 bus
189 1830 283 1881 agri,
316 1844 432 1882 prope
459 1832 596 1880 dicam,
625 1833 712 1884 ipsi,
738 1840 974 1884 montesque,
1004 1832 1190 1870 faverunt.

96 1883 207 1921 Num
225 1881 377 1934 quandi)
395 1884 497 1922 vides
509 1885 772 1924 Tusculanum
791 1887 957 1937 aliquem
975 1885 1022 1923 de
1039 1885 1101 1922 M.
1118 1884 1192 1922 Ca-

93 1942 180 1974 tone
193 1936 273 1983 illo,
285 1937 324 1975 in
338 1937 442 1975 omni
453 1938 588 1976 virtute
599 1939 779 1990 principe,
795 1951 890 1977 num
904 1939 952 1976 de
965 1938 1028 1975 Ti.
1043 1938 1191 1975 Corun-

94 1988 216 2037 canio,
246 1989 436 2040 municipe
451 2003 536 2039 suo,
554 2003 648 2029 num
672 1992 718 2030 de
736 2000 792 2030 tot
819 1992 978 2039 Fulviis,
1008 1990 1160 2041 gloriari
1173 1992 1191 2028 Ρ

95 2043 253 2080 verbum
271 2054 382 2080 nemo
399 2043 500 2081 facit.
527 2045 599 2093 At,
618 2045 658 2082 in
673 2057 951 2096 quemcumque
964 2044 1193 2094 Arpinatem

93 2094 281 2145 incideris,
311 2095 457 2135 etiamsi
478 2097 589 2145 nolis,
619 2097 688 2136 erit
713 2105 844 2138 tamen
868 2097 950 2145 tibi,
974 2095 1126 2135 fortasse
1144 2096 1192 2135 de
