1389 2339
354 104 468 146 PRO
495 105 696 146 COELIO.
727 105 831 144 CAP.
861 107 923 142 22.
1107 108 1184 145 365

80 212 244 251 armario
261 219 328 250 tuo
344 225 516 264 promere
545 225 637 250 ausa
655 226 693 251 es
706 214 724 250 Ρ
754 220 844 250 tune
863 212 1049 249 Venerem
1075 212 1181 250 illam

82 273 189 304 tuam
217 265 467 316 spoliatricem
498 265 656 316 spoliare
686 264 940 302 ornamentis?
977 266 1179 312 Caeterum,

81 330 171 357 cum
189 318 312 366 scires,
332 326 519 370 quantum
538 317 587 355 ad
604 317 748 355 facinus
760 329 895 355 aurum
910 318 980 355 hoc
998 331 1181 368 quaerere-

82 378 157 417 tur,
177 371 226 409 ad.
244 383 374 410 necem
392 371 520 421 legati,
540 370 588 408 ad
607 370 654 408 L.
682 370 847 416 Lucceii,
874 371 1094 408 sanctissimi
1113 370 1180 409 ho-

81 424 197 462 minis
223 432 337 475 atque
353 423 597 474 integerrimi,
617 424 743 462 labem
768 424 912 461 sceleris
937 424 1177 474 sempiterni;

81 476 171 515 huic
188 477 344 515 facinori
362 485 466 516 tanto
483 484 550 514 tua
567 489 673 514 mens
690 477 853 514 liberalis
867 477 1023 522 conscia,
1038 485 1103 515 tua
1114 477 1180 514 do-

81 543 168 568 mus
185 531 379 581 popularis
395 530 580 577 ministra,
611 536 677 567 tua
704 529 866 580 denique
895 530 1090 580 hospitalis
1117 530 1183 567 illa

81 583 214 621 Venus
231 584 413 632 adjutrix,
433 596 511 621 esse
529 595 604 620 non
618 582 759 620 debuit.

136 636 246 674 Vidit
262 637 332 674 hoc
347 637 515 674 Balbus:
537 636 693 674 celatam
713 648 790 673 esse
809 635 982 673 Clodiam
1001 635 1110 682 dixit,
1123 644 1180 673 at-

81 702 157 740 que
174 689 226 727 ita
245 689 408 727 Coelium
422 689 470 727 ad
489 690 593 726 illam
613 689 794 734 attulisse,
811 701 850 726 se
868 688 915 726 ad
933 696 1108 726 ornatum
1119 690 1179 726 lu-

81 742 219 780 dorum
237 755 373 780 aurum
398 755 573 793 quaerere.
614 741 655 780 Si
673 749 750 779 tam
770 741 965 779 familiaris
988 749 1066 780 erat
1091 742 1178 779 Clo-

83 795 169 842 diae,
189 808 305 847 quam
318 804 360 834 tu
378 809 456 834 esse
469 796 538 843 vis,
552 808 638 833 cum
650 795 696 833 de
707 794 862 833 libidine
873 796 954 843 ejus
965 801 1042 832 tam
1058 795 1180 832 multa

81 848 198 894 dicis3
227 849 323 887 dixit
340 849 519 900 profecto,
540 861 616 900 quo
637 849 749 886 vellet
776 860 925 885 aurum.
966 848 1007 886 Si
1025 855 1104 885 tam
1122 848 1179 885 fa-

79 902 236 941 miliaris
255 915 330 940 non
349 911 440 948 erat,
462 915 538 940 non
556 902 669 939 dedit.
710 902 784 949 Ita,
806 901 837 938 si
855 913 986 939 verum
1004 900 1073 938 tibi
1095 900 1179 939 Coe.

77 953 152 993 lius
169 955 279 1000 dixit,
300 969 323 993 o
341 955 587 993 immoderata
604 954 740 992 mulier
755 955 764 991 !
797 953 912 992 sciens
924 962 965 991 tu
980 966 1116 991 aurum
1130 953 1179 992 ad

81 1007 227 1046 facinus
246 1009 380 1047 dedisti
397 1024 406 1046 :
430 1009 460 1046 si
478 1021 553 1046 non
569 1015 623 1046 est
639 1020 752 1046 ausus
770 1007 903 1052 dicere,
923 1019 999 1044 non
1013 1006 1160 1045 dedisti.

133 1061 277 1100 XXII.
306 1062 412 1109 Quid
431 1074 499 1111 ego
521 1073 623 1099 nunc
643 1061 872 1111 argumentis
899 1060 988 1098 huic
1015 1060 1176 1107 crimini,

77 1127 165 1165 quae
183 1122 273 1152 sunt
289 1114 592 1161 innumerabilia,
620 1114 819 1152 resistam?
859 1114 1020 1151 Possum
1041 1113 1176 1159 dicere,

80 1180 201 1205 mores
221 1168 281 1205 M.
303 1168 411 1205 Coelii
432 1167 648 1217 longissime
666 1180 688 1204 a
705 1167 799 1204 tanti
824 1167 966 1204 sceleris
989 1167 1180 1204 atrocitate

81 1233 160 1258 esse
177 1220 407 1269 disjunctos3
426 1220 585 1257 minime
597 1233 675 1257 esse
689 1219 929 1265 credendum,
942 1218 1088 1256 homini
1099 1227 1178 1256 tam

81 1272 286 1323 ingenioso,
307 1281 461 1323 tamque
478 1272 668 1323 prudenti,
684 1284 759 1310 non
778 1272 921 1310 venisse
939 1271 978 1308 in
996 1279 1177 1317 mentem,

81 1339 162 1364 rem
191 1327 285 1364 tanti
314 1326 458 1364 sceleris
488 1325 625 1375 ignotis
642 1325 846 1375 alienisque
875 1324 987 1362 servis
1006 1336 1082 1362 non
1101 1336 1179 1362 esse

78 1379 316 1418 credendam.
354 1380 514 1416 Possum
533 1378 660 1425 etiam,
679 1378 747 1415 ina
765 1384 801 1415 et
819 1384 1035 1415 caeterorum
1054 1384 1178 1427 patro-

81 1445 218 1470 norum
238 1440 274 1471 et
296 1432 382 1470 mei».
408 1431 688 1478 consuetudine,
718 1432 766 1468 ab
791 1436 1001 1468 accusatore
1028 1430 1180 1480 perqui-

83 1499 175 1533 rere,
207 1486 273 1523 ubi
303 1486 349 1523 sit
368 1497 583 1535 congressus
601 1496 689 1522 cum
707 1483 820 1521 servis
839 1483 991 1520 Lucceii
1011 1483 1174 1521 Coelius·
1163 1511 1176 1528 ‚

81 1539 149 1590 qui
167 1538 201 1576 ei
219 1539 332 1576 fuerit
349 1538 483 1576 aditus.
512 1537 553 1575 Si
571 1549 636 1587 per
649 1549 700 1584 se,
713 1537 790 1587 qua
803 1536 1040 1574 temeritate?
1069 1536 1100 1573 si
1113 1548 1181 1586 per

82 1591 215 1638 alium,
234 1605 301 1642 per
319 1593 467 1642 quem?
497 1590 657 1628 Possum
678 1601 808 1628 omnes
825 1589 986 1628 latebras
1003 1588 1183 1639 suspicio-

83 1657 178 1682 num
197 1657 392 1695 peragrare
410 1642 590 1682 dicendo.
620 1655 697 1681 non
721 1654 845 1688 causa,
865 1654 942 1680 non
965 1643 1083 1688 locus,
1103 1654 1178 1679 non

83 1698 253 1742 facultas,
267 1710 344 1735 non
357 1697 537 1743 conscius,
553 1693 628 1734 non
639 1695 866 1747 perficiendi,
880 1707 955 1733 non
969 1695 1179 1733 occultandi

82 1751 255 1788 maleficii
274 1763 369 1801 spes,
394 1762 469 1788 non
487 1750 581 1787 ratio
598 1750 691 1798 ulla,
710 1760 786 1786 non
803 1748 1005 1800 vestigium
1021 1748 1181 1786 maximi

84 1804 270 1850 facinoris,
289 1804 504 1855 reperietur.

137 1857 211 1895 Sed
235 1857 329 1904 haec,
356 1870 442 1908 quae
469 1863 558 1894 sunt
584 1855 738 1894 oratoris
761 1855 914 1906 propria
941 1857 1044 1905 (quae
1070 1854 1180 1902 mihi,

83 1922 159 1947 non
178 1917 329 1960 propter
346 1910 540 1960 ingenium
554 1922 699 1958 meum,
718 1909 784 1947 sed
801 1915 953 1960 propter
965 1908 1062 1946 hanc
1077 1921 1182 1946 exer-

81 1963 296 2002 citationem
314 1975 502 2014 usumque
523 1962 683 2011 dicendi,
711 1962 878 2000 fructum
903 1961 1068 2011 aliquem
1087 1960 1184 1999 ferre

83 2022 248 2067 possent,
267 2029 355 2054 cum
370 2029 394 2054 a
410 2029 472 2054 me
489 2016 570 2068 ipso
587 2017 755 2054 laborata
765 2014 922 2066 proferri
936 2013 1181 2061 viderentur),

83 2069 274 2108 brevitatis
293 2069 419 2117 causa,
438 2069 609 2121 relinquo
626 2069 765 2108 omnia.
795 2068 931 2106 Habeo
950 2066 1065 2114 enim,
1077 2066 1181 2116 judi-

82 2136 156 2168 ces,
187 2136 302 2175 quem
328 2136 392 2162 vos
411 2123 552 2161 socium
572 2129 702 2162 vestrae
719 2120 908 2172 religionis
933 2119 1104 2171 jurisque
1117 2121 1181 2169 ju-

82 2176 188 2214 randi
216 2176 323 2216 facile
342 2190 419 2216 esse
438 2176 648 2228 patiamini,
676 2177 722 2216 L.
745 2174 966 2222 Lucceium,
996 2173 1180 2214 sanctissi-

810 2230 834 2265 :2
859 2239 870 2264 1
893 2228 916 2264 3

276 2279 283 2330 ι*
