1399 2344
350 84 415 123 IN
435 82 748 122 VATINIUM.
778 84 882 122 CAP.
907 84 968 128 17.
1129 85 1208 123 343

113 202 199 228 reus
215 196 374 241 uterque
387 191 436 228 ob
454 189 625 228 eamdem
644 202 809 237 causam,
830 197 866 228 et
879 190 1011 228 eodem
1030 189 1209 235 crimine;

113 243 208 282 alter
237 243 298 281 die
323 243 423 281 dicta
447 245 495 280 ab
525 255 568 280 eo
601 255 715 293 quem
735 250 776 280 tu
796 255 917 280 unum
946 244 1212 294 improbiorem

114 309 205 341 me,
235 309 351 346 quam
380 304 431 343 te,
460 308 659 346 nunquam
682 297 776 333 soles
802 296 967 334 confiteri
983 311 994 340 3
1025 297 1116 333 alter
1138 297 1212 334 tuis

111 349 288 395 consiliis,
307 349 373 387 illo
391 356 517 386 tamen
533 348 750 397 adjuvante)
771 362 912 399 quaero,
927 351 994 400 qui
1007 350 1123 399 possis
1135 363 1210 396 eos,

112 414 207 453 quos
225 402 379 440 crimine
397 402 608 452 conjungiS,
629 402 840 439 testimonio
859 402 1100 451 disjungere?
1130 402 1211 440 Ex·

113 462 276 492 tremum
289 455 386 498 illud
397 463 464 501 est,
481 455 583 505 quod
596 454 691 491 mihi
709 456 775 492 abs
793 462 830 492 te
843 455 1057 505 responderi
1072 455 1184 492 velim
1199 469 1209 492 ε

113 521 201 546 cum
219 508 342 545 multa
359 508 399 545 in
416 508 703 545 Albinovanum
722 507 768 545 de
792 507 1092 558 praevaricatione
1113 508 1212 545 dice-

111 574 185 606 res,
204 561 404 607 dixerisne,
424 573 491 598 nec
510 560 578 597 tibi
596 561 793 611 placuisse,
809 573 876 598 nec
891 561 1109 611 oportuisse,
1119 562 1212 598 Sex-

113 614 211 651 tium
230 614 277 651 de
294 614 332 651 vi
351 626 456 663 reum
475 613 584 651 fieri?
615 613 748 664 quavis
773 613 869 663 lege,
890 614 1022 664 quovis
1042 614 1210 661 crimine,

114 667 366 705 accusandum
385 667 510 717 potius
528 666 672 704 fuisse?
702 666 812 704 etiam
833 666 929 703 illud
946 666 1098 713 dixeris,
1125 680 1212 704 cau-

115 733 196 758 sam
217 719 389 767 Milonis,
404 719 596 757 fortissimi
610 719 693 765 viri,
709 720 947 767 conjunctam
961 732 1048 757 cum
1062 719 1132 757 hoc
1147 733 1211 757 ex-

114 773 298 811 istimari?
327 786 412 823 quae
430 785 498 823 pro
515 785 577 809 me
596 785 618 809 a
636 773 762 810 Sextio
781 773 878 810 facta
895 772 982 818 sint,
1002 773 1109 810 bonis
1135 786 1212 810 esse

113 826 247 877 grata?
276 826 367 863 Non
385 838 544 876 coarguo
562 825 848 875 inconstantiam
862 825 1036 862 orationis
1051 838 1093 862 ac
1111 826 1212 863 testi-

115 879 234 917 monii
251 879 318 916 tui.
350 878 458 926 Quas
477 878 577 915 enim
595 878 710 927 hujus
729 879 889 916 actiones
914 879 1086 929 probatas
1103 879 1211 916 bonis

115 945 194 970 esse
207 932 311 979 dicis,
330 931 371 968 in
391 944 450 969 eas
464 931 635 981 pluribus
647 932 767 968 verbis
785 931 1040 969 testimonium
1056 931 1207 969 dixisti:

115 987 272 1036 quicum
290 992 418 1022 autem
437 986 518 1033 ejus
537 996 685 1021 causam
701 984 985 1035 periculumque
1000 984 1209 1034 conjungis,

115 1051 202 1076 eum
222 1037 381 1075 summis
398 1037 574 1075 laudibus
587 1037 764 1074 extulisti.
794 1037 868 1074 Sed
879 1037 948 1074 hoc
962 1049 1102 1087 quaerO,
1116 1050 1210 1075 num

115 1091 162 1129 P.
182 1091 368 1139 Sextium,
389 1103 464 1141 qua
480 1091 562 1140 lege
580 1089 829 1128 accusandum
842 1090 995 1128 omnino
1011 1089 1127 1127 fuisse
1145 1102 1210 1127 ne-

113 1157 196 1195 gas,
211 1157 256 1182 ea
272 1144 355 1195 lege
373 1143 611 1181 condemnari
629 1151 737 1194 putes
755 1145 955 1193 oportere?
985 1145 1062 1190 aut,
1080 1143 1111 1180 si
1123 1151 1159 1181 te
1169 1143 1210 1180 in

114 1197 327 1235 testimonio
340 1196 484 1235 consuli
497 1197 606 1244 nolis,
622 1209 670 1233 ne
683 1196 775 1246 quid
790 1196 858 1233 tibi
872 1196 1099 1233 auctoritatis
1113 1209 1136 1233 a
1146 1209 1210 1234 me

114 1251 301 1288 tributum
331 1262 408 1288 esse
436 1249 619 1294 videatur,
649 1249 834 1286 dixerisne
858 1249 898 1286 in
927 1261 1014 1286 eum
1043 1249 1208 1286 testimo-

112 1303 221 1340 nium
242 1303 289 1340 de
307 1303 358 1351 vi,
378 1315 493 1354 quem
510 1302 659 1353 negaris
687 1315 794 1340 reum
816 1302 970 1341 omnino
995 1302 1042 1340 de
1065 1301 1103 1340 vi
1129 1302 1212 1340 fieri

107 1356 284 1395 debuisse
297 1358 314 1394 ?
