1425 2334
257 82 370 122 PRO
398 83 569 123 DOMO
597 85 851 124 SUA.CA.1›
886 86 945 124 11.
1075 87 1148 131 137

59 199 189 226 omnes
227 188 436 239 provincias
470 190 749 237 frumentarias,
787 203 918 230 omnes
955 191 1159 242 mancipes,

61 253 191 279 omnes
208 241 428 280 horreorum
446 244 580 293 claves,
593 245 676 295 lege
695 243 761 282 tua
780 245 974 283 tradidisti.
1004 244 1095 291 Qua
1113 257 1162 283 ex

59 307 100 332 re
118 294 287 344 primum
315 296 447 334 caritas
472 305 561 335 nata
589 306 659 344 cst,
679 297 813 335 deinde
836 298 974 348 inopia.
1005 298 1161 348 Impen-

60 346 172 385 debat
201 347 333 396 fames,
357 348 542 410 incendia,
569 351 700 398 caedes,
726 351 908 401 direptio:
939 351 1163 389 imminebat

61 407 150 439 tuus
167 400 272 438 furor
289 403 460 440 omnium
480 404 638 441 fortunis
657 412 694 442 et
711 404 830 442 bonis.

115 454 298 501 Queritur
316 455 429 493 etiam
448 456 665 507 importuna
693 457 820 508 pestiS,
841 470 888 495 ex
907 469 969 495 ore
987 457 1166 507 impuris—

63 507 158 546 simo
187 508 275 546 Sex.
309 508 434 547 Clodii
460 523 540 547 rem
569 510 854 548 frumentariam
878 523 955 548 esse
981 518 1163 560 ereptam,

64 561 299 611 summisque
330 561 370 599 in
391 563 580 613 periculis,
611 564 691 612 ejus
715 564 786 602 viri
815 564 1001 601 auxilium
1028 563 1168 614 implo-

63 627 161 652 rasse
183 615 469 664 rempublicam,
503 630 525 654 a
554 630 630 677 quo
659 629 758 668 saepe
789 630 827 654 se
855 624 891 654 et
917 624 1100 654 servatam
1131 623 1168 654 et

66 667 333 718 amplificatam
354 681 431 707 esse
459 670 702 707 meminisset.
732 670 854 708 Extra
881 670 1051 707 ordinem
1080 669 1170 706 ferri

66 721 162 758 nihil
180 721 303 771 placet
333 721 478 761 Clodio.
509 723 649 769 Quid?
678 723 725 761 de
749 736 812 761 me
844 723 946 773 quod
974 722 1102 760 tulisse
1130 730 1168 760 te

67 773 174 820 dicis,
204 774 398 824 patricida,
431 776 635 822 fratricida,
668 776 880 823 sororicida,
908 788 1032 813 nonne
1065 782 1171 813 extra

69 827 238 866 ordinem
258 828 402 867 tulisti.
393 831 410 856 9
439 829 506 866 Α11
525 829 572 866 (18
589 837 691 880 peste
710 830 813 876 civis,
845 828 1167 880 quemadmodum

70 893 201 919 01111185
216 882 298 930 jam
316 881 384 919 Dii
403 890 516 933 atque
540 882 710 920 homines
726 882 1003 931 judicaverunt,
1024 893 1171 919 conser-

69 935 206 972 vat01is
232 934 460 984 reipublicae,
486 935 808 986 quemadmodum
834 943 960 972 autem
987 942 1067 972 tute
1091 934 1172 984 ipse

72 987 271 1034 confiteris,
292 1000 367 1025 non
386 988 499 1026 modo
517 989 739 1035 indemnati,
760 988 823 1026 sed
842 1001 888 1026 ne
907 987 1067 1025 accusati
1086 987 1171 1047 (1111-

73 1040 174 1087 dem,
195 1040 300 1078 licuit
312 1041 381 1078 tibi
398 1041 508 1088 ferre,
528 1054 603 1079 non
622 1042 760 1091 legem,
776 1042 841 1079 sed
855 1041 1041 1079 nefarium
1060 1040 1176 1090 privi-

73 1095 231 1154 legium,
251 1094 403 1143 lugente
423 1102 568 1141 senatu,
588 1095 831 1132 moerentibus
848 1094 957 1132 bonis
982 1094 1173 1141 omnibus,

73 1147 188 1185 totius
207 1147 330 1184 Italiae
357 1148 529 1197 precibus
547 1148 765 1198 repudiatis,
786 1160 961 1198 oppressa
990 1147 1173 1196 captaque

74 1201 294 1251 republica,
324 1200 433 1248 mihi,
452 1201 593 1251 populo
616 1201 792 1238 Romano
810 1200 1048 1251 implorante,
1069 1211 1175 1236 sena-

75 1261 118 1291 tu
134 1261 321 1304 poscente,
337 1254 568 1304 temporibus
587 1254 802 1305 reipublicae
817 1253 1086 1313 flagitantibus,
1099 1264 1175 1289 non

71 1307 179 1345 licuit
207 1307 254 1345 de
286 1307 406 1344 salute
433 1307 566 1358 populi
591 1307 758 1345 Romani
780 1306 1002 1344 sententiam
1028 1304 1176 1342 dicere?

74 1359 167 1407 Qua
184 1361 338 1412 quidem
362 1359 403 1397 in
432 1360 629 1408 sententia,
661 1360 692 1398 si
717 1360 788 1398 Cn.
811 1359 984 1410 Pompeii
1013 1358 1176 1418 dignitas

74 1423 184 1452 aucta
212 1421 280 1462 est,
313 1414 513 1462 conjuncta
543 1426 631 1451 cum
660 1413 821 1451 utilitate
846 1411 1053 1457 communi,
1078 1419 1175 1449 certe

74 1467 287 1505 laudandus
301 1479 432 1513 essem,
446 1467 477 1504 si
495 1468 576 1516 ejus
591 1466 765 1517 dignitati
776 1466 1001 1516 suffragatus
1015 1464 1174 1514 viderer,

76 1521 144 1572 qui
162 1533 256 1559 meae
274 1520 386 1558 saluti
405 1533 516 1571 opem
535 1527 572 1557 et
590 1519 777 1557 auxilium
792 1519 949 1557 tulisset.

130 1574 207 1612 XI.
237 1573 437 1622 Desinant,
452 1572 623 1611 desinant
637 1573 822 1620 homines,
842 1573 974 1610 iisdem
992 1570 1177 1609 machinis

80 1639 227 1678 sperare
241 1640 303 1665 me
321 1626 536 1664 restitutum
554 1639 660 1677 posse
678 1626 908 1674 labefactari,
921 1625 1060 1686 quibus
1074 1631 1184 1662 antea

81 1687 242 1718 stantem
270 1680 522 1739 perculerunt:
551 1679 667 1726 Quod
690 1679 791 1717 enirn
809 1692 885 1740 par.
902 1677 1077 1717 amicitiae
1095 1689 1183 1715 con-

82 1733 216 1770 sularis
234 1733 308 1771 fuit
321 1745 492 1784 unquam
505 1732 546 1770 in
556 1733 627 1770 hac
644 1733 793 1770 civitate
805 1731 1053 1813 conjunctius,
1067 1742 1184 1781 quam

83 1785 227 1823 fuimus
252 1786 348 1824 inter
365 1798 446 1834 nos,
467 1798 535 1836 ego
554 1793 591 1823 et
609 1786 681 1824 Cn.
701 1785 942 1836 Pompeius?
971 1784 1056 1835 quis
1081 1782 1184 1834 apud

82 1839 270 1899 populum
302 1839 522 1876 Romanum
553 1838 599 1877 de
624 1839 726 1876 1111115
754 1838 936 1889 dignitate
962 1837 1183 1883 industrius,

84 1893 170 1943 quis
189 1891 333 1930 senatui
347 1892 482 1942 saepius
499 1891 624 1929 dixit?
652 1892 719 1943 qui
737 1898 864 1929 tantus
877 1891 951 1928 fuit
963 1891 1082 1937 labor,
1098 1901 1184 1939 quae

83 1945 269 1991 simultas,
296 1958 383 1996 quae
409 1945 608 1992 contentio,
638 1957 755 1996 quam
788 1957 856 1994 ego
884 1956 960 1982 non
985 1955 1054 1994 pro
1082 1942 1185 1978 1111115

86 1998 269 2049 dignitate
288 1998 539 2048 susceperim.
529 2000 546 2026 9
575 1998 642 2049 (1111
660 1999 708 2036 ab
726 1998 819 2036 illo·
810 2010 849 2034 111
868 2010 930 2035 1118
948 1997 1080 2056 honos,
1099 2005 1186 2044 quae

85 2051 301 2102 praedicatio
325 2050 372 2088 de
392 2052 478 2090 mea
494 2051 621 2100 laude,
641 2064 727 2101 quae
750 2049 1000 2089 remuneratio
1026 2050 1188 2086 benevo-

86 2104 213 2144 lentiae
237 2104 486 2155 praetermissa
508 2111 588 2143 est.
579 2106 596 2131 9
626 2104 740 2142 Hanc
764 2110 930 2142 nostram
956 2099 1188 2150 conjunctio-

82 2171 185 2205 nem,
210 2157 308 2197 hanc
327 2157 638 2209 conspirationem
648 2157 689 2196 in
700 2156 997 2247 περυὴϋοειέεῐιε
1009 2151 1186 2206 gerenda,

835 2220 867 2249 N
