1455 2343
222 87 300 126 214
381 85 458 127 DE
479 87 723 128 HARUSP.
742 87 1010 129 RESPONS.
1031 88 1137 129 CAP.
1157 87 1222 134 27.

274 194 460 237 XXVII.
489 196 734 245 Parentibus,
769 203 807 235 et
842 196 930 236 Diis
965 196 1261 245 immortalibus,
1295 201 1335 236 et

219 249 367 301 patriae,
387 263 456 289 nos
483 251 654 302 primum
682 258 818 289 natura
836 251 1021 290 conciliat.
1050 250 1200 289 Eodem
1229 249 1333 289 enim

218 310 389 356 tempore
417 312 455 343 et
473 304 701 356 suscipimur
718 304 758 342 in
783 305 923 352 lucem,
945 312 982 343 et
999 302 1071 343 hoc
1089 303 1227 343 coelesti
1256 303 1336 355 spi-

219 356 296 395 ritu
321 371 521 409 augemur,
549 366 586 397 et
603 366 744 397 certam
769 358 809 396 in
829 359 956 397 sedem
975 358 1135 397 civitatis
1157 370 1201 396 ac
1218 357 1334 396 liber-

219 411 308 450 tatis
325 412 585 451 adscribimus.
617 414 696 451 Iste
714 416 915 463 parentum
939 424 1093 460 nomen,
1114 424 1232 460 sacra,
1252 424 1335 449 me-

217 465 394 515 moriam,
406 474 574 518 gentem,
588 466 797 505 Fonteiano
811 466 965 504 nomine
976 465 1126 504 obruit.
1157 465 1332 503 Deorum

217 517 338 569 ignes,
359 521 466 570 solia,
484 532 650 567 mensas,
678 520 825 558 abditos
844 533 867 557 a
905 519 1114 572 penetrales
1132 519 1249 565 focos,
1269 530 1333 557 oc-

218 573 335 622 culta,
357 581 393 612 et
410 574 584 612 maribus
597 586 674 611 non
692 573 815 611 invisa
839 586 880 612 so
897 586 980 622 um,
1006 573 1072 611 sed
1090 573 1204 611 etiam
1223 572 1334 610 inau-

182 638 190 642 ”
220 625 302 665 dita
331 639 450 676 sacra,
479 627 702 679 inexpiabili
739 627 875 666 scelere
909 626 1112 678 pervertit·
1153 625 1333 678 idemque

219 691 352 718 earum
377 682 568 733 templum
589 681 843 719 inflammavit
860 681 1048 730 Dearum,
1071 692 1237 732 quarum
1261 692 1335 732 ope

218 733 333 772 etiam
352 734 435 774 aliis
452 735 635 774 incendiis
654 735 889 774 subvenitur.

272 787 381 836 Quid
399 789 446 827 de
466 790 591 841 patria
614 789 781 841 loquar?
809 788 877 840 qui
901 788 1073 840 primum
1098 799 1188 826 eum
1210 787 1332 826 civem

218 840 270 889 vi,
291 841 405 892 ferro,
430 843 620 894 periculis,
645 845 754 891 urbe,
777 842 955 881 omnibus
977 841 1110 893 patriae
1129 840 1330 892 praesidiis,

216 894 377 947 depulit,
397 909 514 948 quem
533 909 599 935 vos
616 897 749 948 patriae
766 903 1064 934 conservatorem
1075 908 1154 933 esse
1171 894 1333 947 saepissi-

215 960 280 988 me
293 949 584 998 judicaveratis.
575 965 584 974 ·
616 950 751 988 deinde
765 962 892 988 everso
904 951 1069 998 senatus,
1085 955 1130 986 ut
1147 961 1216 999 ego
1231 961 1331 987 sem·

214 1015 284 1054 per
301 1003 396 1065 dixi,
424 1004 574 1065 comite,
601 1004 710 1052 duce,
738 1010 781 1041 ut
802 1003 868 1041 ille
886 1002 1048 1051 dicebat,
1069 1010 1243 1042 senatum
1269 1002 1332 1054 ip-

215 1069 318 1105 sum,
337 1057 549 1110 principem
567 1058 699 1096 salutis
717 1057 932 1108 mentisque
949 1031 1127 1108 publicae,
1143 1055 1196 1104 vi,
1215 1055 1331 1104 caede,

174 1161 184 1164 „
215 1109 488 1164 incendiisque,
508 1112 709 1164 pervertit:
741 1111 895 1149 sustulit
920 1110 1015 1149 duas
1038 1111 1155 1163 leges,
1180 1109 1330 1148 AEliam

215 1170 255 1202 et
272 1164 441 1215 Fufiam,
461 1167 631 1204 maxime
659 1165 878 1217 reipublicae
896 1165 1100 1202 salutares:
1131 1176 1330 1202 censuram

216 1218 426 1257 exstinxit:
463 1219 767 1258 intercessionem
802 1218 987 1257 removit:
1028 1217 1197 1269 auspicia
1228 1217 1331 1255 dele-

216 1270 295 1309 vit:
327 1273 512 1320 consules,
533 1273 680 1311 sceleris
707 1273 767 1311 sui
788 1272 920 1319 socios,
948 1271 1092 1318 aerario,
1111 1270 1328 1322 provinciis,

216 1325 398 1375 exercitu,
430 1327 617 1365 armavit·
648 1339 768 1377 reges,
800 1325 868 1377 qui
892 1332 1012 1372 erant,
1033 1323 1230 1370 vendidit,
1219 1338 1229 1347 ·
1261 1324 1330 1376 qui

217 1389 295 1416 non
326 1387 446 1428 erant,
485 1380 716 1431 appellavit:
748 1380 820 1418 Cn
861 1378 1106 1430 Pompeium,
1135 1378 1187 1426 vi,
1215 1377 1329 1427 ferro,

214 1430 376 1471 domum
394 1434 602 1485 compulit·
632 1434 905 1484 imperatorum
919 1431 1156 1470 monimenta
1167 1431 1327 1475 evertit.

213 1484 456 1525 inimicorum
484 1487 617 1526 domos
642 1486 891 1525 disturbavit.
922 1486 1054 1525 vestris
1083 1485 1329 1525 monimentis

213 1549 355 1578 nomen
385 1554 497 1579 suum
524 1541 722 1592 inscripsit.
753 1540 911 1578 Infinita
940 1546 1030 1578 sunt
1058 1539 1210 1600 scelera,
1240 1552 1329 1591 quae

213 1593 263 1631 ab
280 1593 376 1632 1110
365 1607 406 1632 111
424 1595 588 1646 patriam
607 1602 696 1633 sunt
714 1594 824 1633 edita.
855 1593 977 1641 Quid,
994 1606 1080 1644 quae
1098 1593 1138 1630 in
1158 1593 1328 1643 singulos

213 1645 326 1696 cives,
347 1661 441 1699 quos
459 1649 630 1687 necavit
622 1651 639 1677 ⁹
667 1648 798 1696 socios,
825 1661 920 1699 quos
944 1646 1134 1698 diripuit?
1162 1646 1328 1698 impera-

213 1706 325 1748 tores,
346 1714 440 1752 quos
458 1701 652 1754 prodidit?
682 1701 881 1749 exercitus,
901 1714 997 1753 quos
1016 1700 1205 1739 tentavit?

268 1753 377 1801 Quid
406 1756 523 1794 vero?
552 1769 609 1805 ea,
642 1764 786 1808 quanta
817 1762 919 1803 sunt,
946 1768 1033 1806 quae
1057 1754 1098 1792 in
1127 1754 1257 1805 ipsum
1286 1765 1328 1793 se

215 1808 367 1868 3001013,
391 1823 478 1860 quae
507 1810 548 1847 in
573 1823 675 1859 suos,
707 1809 847 1853 edidit!
879 1809 965 1860 quis
993 1808 1122 1846 minus
1147 1819 1323 1868 unquam

213 1862 381 1922 pepercit
402 1863 572 1901 hostium
591 1864 733 1910 castris,
753 1876 871 1914 quam
885 1863 950 1900 ille
965 1862 1142 1900 omnibus
1160 1860 1325 1911 corporis

213 1915 274 1954 sui
291 1915 496 1967 partibus?
525 1930 612 1969 quae
625 1917 731 1955 navis
749 1929 922 1977 unquam
941 1916 980 1953 in
995 1915 1153 1953 flumine
1170 1914 1325 1965 publico

214 1976 295 2007 tam
316 1969 472 2020 vulgata
492 1971 684 2017 omnibus,
711 1983 829 2021 quam
854 1970 962 2008 istius
987 1977 1076 2007 aetas
1104 1968 1211 2008 fuit?
1239 1967 1327 2019 quis

215 2035 386 2079 unquam
408 2036 528 2075 nepos
546 2031 625 2065 tam
643 2024 760 2062 libere
778 2031 833 2061 est
857 2036 945 2061 cum
965 2022 1107 2070 scortis,
1127 2034 1246 2073 quam
1264 2021 1327 2060 hic

213 2089 303 2114 cum
332 2076 534 2125 sororibus,
555 2078 779 2115 volutatus?
809 2089 927 2128 quam
952 2075 1116 2126 denique
1144 2082 1225 2112 tam
1249 2074 1324 2112 im-

212 2142 366 2176 manem
386 2130 620 2182 Charybdim
635 2131 756 2182 poetae
770 2129 948 2190 fingendo
962 2129 1174 2180 exprimere
1189 2135 1324 2179 potue-

210 2191 314 2233 runt,
334 2197 421 2236 quae
439 2191 563 2225 tantos
588 2184 788 2223 exhaurire
806 2183 975 2235 gurgites
999 2189 1140 2234 posset,
1160 2188 1323 2234 quantas
