1389 2339
335 86 447 127 PRO
477 87 678 126 COELIO.
710 90 813 126 CAP.
833 89 896 127 20.
1090 89 1168 126 363

68 191 175 231 tanta
203 193 394 244 voluptate
423 193 585 241 dicendi,
618 195 723 232 tanta
747 194 874 242 laude,
903 195 1006 232 tanta
1035 194 1171 245 gratia,

67 251 174 284 tanto
191 245 344 295 honore,
359 253 439 284 tam
457 246 532 284 sint
549 247 673 297 pauci,
694 259 914 298 semperque
931 247 1084 294 fuerint,
1104 247 1171 298 qui

65 296 106 335 in
126 298 197 336 hoc
213 299 340 338 labore
358 308 550 338 versentur
564 303 581 338 ?
611 299 839 338 Obterendae
851 308 939 338 sunt
957 313 1086 338 omnes
1105 312 1171 339 vo-

66 349 242 401 luptates,
271 352 519 404 relinquenda
545 353 668 391 studia
705 353 973 400 delectationis,
999 353 1171 402 judices;

66 403 194 452 ludus,
216 406 338 454 jocus,
353 406 583 454 convivium,
604 418 724 444 sermo
737 414 792 444 est
806 419 912 456 paene
927 406 1171 444 familiarium

65 455 314 496 deserendus:
344 472 431 510 quae
448 472 507 497 res
525 459 565 497 in
583 459 654 497 hoc
671 471 805 509 genere
818 459 988 497 homines
1007 472 1029 496 a
1047 459 1174 497 labore

66 510 266 562 studioque
284 511 431 550 dicendi
450 512 633 557 deterret;
654 524 744 560 non,
761 525 838 564 quo
856 519 922 550 aut
940 512 1091 562 ingenia
1109 512 1174 550 de-

67 562 208 610 ficiant,
223 571 290 602 aut
306 564 474 603 doctrina
492 565 659 616 puerilis.
687 566 755 603 An
774 565 848 613 hic,
865 565 897 603 si
915 578 992 603 sese
1006 565 1068 602 isti
1087 565 1173 603 vitae

67 615 243 664 dedisset,
257 618 490 656 consularem
504 619 712 665 hominem,
728 618 935 656 admodum
947 617 1173 662 adolescens,

68 668 108 705 in
134 670 321 718 judicium
344 671 572 709 vocavisset?
605 671 679 718 hic,
707 672 738 709 si
764 672 932 709 laborem
958 671 1117 721 fugeret,
1142 671 1175 708 si

68 723 267 760 obstrictus
286 724 542 775 voluptatibus
553 731 753 771 teneretur,
766 725 805 761 in
824 725 895 762 hac
913 723 990 761 acie
1008 723 1175 774 quotidie

71 783 277 814 versaretur
288 776 305 811 ?
333 784 523 827 appeteret
539 777 753 815 inimicitias
767 779 784 814 ἓ
814 778 853 814 in
865 777 1051 825 judicium
1066 789 1174 815 voca-

72 836 127 865 ret
144 830 161 866 ,⁹
190 829 332 867 subiret
346 830 555 881 periculum
574 830 732 880 capitis?
760 830 840 880 ipso
859 830 1089 880 inspectante
1108 842 1177 880 po-

72 880 165 931 pulo
184 881 373 929 Romam,
401 890 455 922 tot
480 895 640 930 menses,
661 891 726 920 aut
745 883 791 920 de
809 883 928 921 salute
946 890 1012 919 aut
1030 881 1076 920 de
1094 882 1175 933 glo-

76 933 146 981 ria,
166 934 389 974 dimicaret?

126 986 221 1025 XX.
243 989 355 1026 Nihil
369 989 484 1039 igitur
496 988 561 1026 illa
575 989 743 1027 vicinitas
757 988 924 1027 redolet?
945 988 1040 1025 nihil
1051 988 1175 1026 homi-

73 1052 167 1077 num
179 1041 283 1079 fama
296 1044 312 1079 ?
333 1041 428 1079 nihil
442 1042 548 1080 Baiae
560 1041 721 1093 denique
732 1043 823 1092 ipsae
833 1042 1069 1092 loquuntur?
1091 1041 1176 1079 111ae

75 1105 161 1131 vero
180 1106 256 1132 non
279 1095 487 1145 loquuntur
508 1095 647 1141 solum,
668 1108 799 1132 verum
823 1095 936 1132 etiam
961 1102 1175 1145 personant,

74 1146 150 1184 huc
161 1147 275 1184 unius
285 1148 453 1185 mulieris
463 1147 659 1185 libidinem
671 1160 749 1185 esse
761 1148 988 1198 prolapsam,
999 1154 1041 1184 ut
1049 1159 1178 1185 canon

77 1200 191 1237 modo
210 1200 450 1238 solitudinem
475 1213 517 1238 ac
536 1203 705 1239 tenebras
723 1208 836 1251 atque
853 1200 933 1238 haec
951 1199 1178 1250 flagitiorum

78 1252 338 1303 integumenta
368 1266 444 1291 non
469 1261 626 1304 quaerat,
651 1254 728 1300 sed,
743 1254 783 1290 in
803 1253 1026 1304 turpissimis
1051 1254 1177 1296 rebus,

77 1304 382 1356 frequentissima
396 1307 606 1345 celebritate
626 1314 662 1344 et
680 1306 884 1344 clarissima
900 1306 984 1343 luce
1002 1306 1160 1344 laetetur.

131 1359 292 1407 Verum,
313 1360 343 1397 si
363 1359 447 1410 quis
466 1367 533 1404 est,
547 1361 614 1410 qui
633 1359 745 1397 etiam
763 1359 978 1397 meretriciis
992 1358 1183 1396 amoribus

78 1412 319 1450 interdictum
335 1412 526 1461 juventuti
538 1420 644 1463 putet
657 1426 668 1457 3
685 1420 741 1450 est
751 1412 814 1450 ine
833 1411 987 1463 quidem
1000 1411 1108 1449 valde
1126 1424 1183 1449 se-

79 1477 212 1503 verus:
243 1478 379 1516 negare
398 1478 472 1503 non
491 1478 668 1515 possum:
699 1465 763 1503 sed
774 1465 960 1513 abhorret,
976 1476 1051 1502 non
1070 1464 1184 1502 modo

79 1519 129 1555 ab
158 1517 274 1567 hujus
306 1518 431 1556 saeculi
459 1518 623 1565 licentia,
652 1531 781 1556 verum
809 1518 921 1555 etiam
949 1531 972 1555 a
992 1518 1182 1566 majorum

82 1571 365 1617 consuetudine,
386 1578 498 1621 atque
509 1571 699 1610 concessis.
728 1571 893 1618 Quando
907 1571 1009 1608 enim
1019 1570 1090 1608 hoc
1104 1570 1181 1608 fac-

81 1631 166 1661 tum
192 1636 267 1662 non
291 1626 375 1662 est?
416 1624 567 1674 quando
596 1624 890 1674 reprehensum?
929 1623 1081 1674 quando
1105 1635 1180 1661 non

80 1676 307 1727 permissum
322 1679 339 1715 ⁸?
375 1677 526 1727 quando
558 1676 718 1728 denique
746 1676 833 1723 fuit,
867 1683 924 1723 ut,
949 1675 1053 1727 quod
1080 1676 1181 1724 licet,

81 1741 156 1767 non
175 1729 333 1768 liceret?
364 1730 443 1768 Hic
461 1743 529 1780 ego
550 1731 631 1778 jam
655 1742 734 1767 rem
754 1728 955 1767 definiam:
985 1728 1183 1767 mulierem

82 1782 229 1820 nullam
248 1782 474 1821 nominabo:
506 1790 654 1820 tantum
672 1782 712 1820 in
734 1781 859 1819 medio
877 1782 1101 1832 relinquam.

135 1835 177 1873 Si
196 1849 282 1886 quae
295 1848 372 1874 non
390 1842 510 1886 nupta
526 1835 663 1873 mulier
674 1834 831 1873 domum
851 1847 957 1873 suam
973 1834 1185 1885 patefecerit

81 1888 255 1926 omnium
274 1889 484 1940 cupiditati,
503 1889 705 1939 palamque
723 1901 800 1926 sese
818 1888 857 1925 in
883 1887 1091 1925 meretricia
1109 1887 1186 1925 vita

80 1941 284 1989 collocarit,
298 1943 464 1979 virorum
482 1941 794 1980 alienissimorum
807 1940 985 1978 conviviis
1004 1940 1061 1977 uti
1080 1940 1186 1978 insti·

80 1994 219 2041 tuerit3
250 1995 281 2033 si
297 1994 370 2033 hoc
387 1995 427 2032 in
443 1995 560 2042 Urbe,
574 1994 606 2032 si
619 1994 658 2032 in
676 1993 807 2041 hortis,
828 1994 859 2031 si
873 1993 912 2030 in
925 1992 1108 2031 Baiarum
1118 1992 1186 2030 illa

81 2047 308 2093 celebritate,
328 2047 463 2094 faciet;
493 2047 524 2086 si
542 2047 704 2099 denique
727 2047 780 2084 ita
802 2059 880 2085 sese
897 2053 1014 2097 geret,
1034 2058 1110 2084 non
1127 2046 1186 2083 in-

82 2112 187 2139 cessu
206 2101 345 2149 solum,
365 2101 430 2140 sed
448 2107 582 2140 ornatu
596 2107 710 2152 atque
727 2099 921 2149 comitatu,
936 2111 1012 2137 non
1026 2098 1187 2150 flagran-

87 2152 141 2203 tia
159 2155 368 2204 oculorum,
387 2166 464 2193 non
481 2154 650 2194 libertate
663 2152 859 2204 semionis,
879 2151 942 2192 sed
956 2152 1069 2191 etiam
1088 2163 1190 2191 com-
