1389 2339
388 98 498 137 PRO
527 97 729 137 COELIO.
760 99 863 137 CAP.
893 100 956 137 24.
1139 101 1218 145 367

120 208 230 256 cujus
246 217 316 256 ego
333 216 456 256 neque
473 205 700 255 principium
716 206 896 253 invenire,
916 218 1038 257 neque
1057 207 1223 246 evolvere

120 260 282 319 exitum,
302 270 469 309 possum.
512 258 611 305 Quae
629 258 702 295 fuit
720 259 957 306 0111111031153,
977 262 1224 310 quamobrem

122 312 184 349 isti
201 311 352 349 mulieri
369 323 558 349 venenum
574 311 683 348 vellet
701 311 788 349 dare
807 312 973 350 Coelius.
964 316 981 339 ’ν
1012 314 1073 350 Ne
1087 326 1223 351 aurum

122 364 325 402 redderet?
352 376 448 402 num
466 364 561 414 peti
559 364 624 401 11.
614 366 631 390 '³
673 365 734 402 Ne
753 364 893 402 crimen
912 365 1100 404 haereret?
1129 379 1224 404 num

122 419 210 468 quis
227 417 364 466 objecit
377 419 395 454 Ρ
423 429 517 454 1111111
536 417 621 468 quis
639 416 801 468 denique
819 417 962 456 fecisset
979 420 1225 467 mentionem,

121 471 155 509 si
172 471 235 509 hic
253 470 396 508 nemini
414 482 552 507 nomen
571 470 762 508 detulisset
775 473 792 508 ?
821 469 927 518 Quin
947 472 1059 509 etiam
1080 472 1229 510 fieren.-

123 524 233 561 nium
248 523 368 561 dicere
386 523 556 570 audistis,
572 525 685 561 verbo
700 537 738 561 se
751 524 953 562 molestum
965 536 1040 562 non
1054 525 1228 563 futurum

124 577 240 615 fuisse
259 576 391 623 Coelio,
412 576 484 613 nisi
508 577 645 613 iterum
673 576 802 614 eadem
821 577 868 615 de
887 590 940 624 re,
967 591 1035 615 suo
1053 578 1230 616 familiari

126 630 311 676 absoluto,
331 641 469 667 nomen
487 629 549 666 hic
567 629 770 667 detulisset.
811 630 1000 668 Credibile
1019 639 1074 668 est
1098 631 1228 682 igitur,

126 691 276 721 tantum
293 682 439 720 facinus
457 682 604 719 nullam
623 684 670 719 ob
686 695 838 720 causam
858 696 936 721 esse
954 684 1197 722 commissum
1211 687 1231 723 Σ*

128 744 165 773 et
182 748 247 773 vos
266 747 341 772 non
363 735 508 781 videtis,
528 735 621 784 fingi
644 735 788 773 sceleris
815 736 975 773 maximi
1002 737 1157 785 crimen,
1188 745 1231 775 ut

127 789 281 826 alterius
295 801 408 826 causa
427 788 571 826 sceleris
589 788 816 838 suscipiendi
834 788 950 826 fuisse
968 789 1138 827 videatur
1152 793 1170 829 Ρ

183 842 258 880 Cui
283 841 446 892 denique
477 840 694 878 commisit?
724 854 800 891 quo
828 841 999 890 adjutore
1028 855 1118 880 usus
1144 846 1230 881 est?

129 907 206 955 quo
224 895 352 932 socio?
382 906 459 944 quo
477 894 622 931 conscio
637 896 653 931 ἓ·
683 895 745 931 0111
763 902 912 931 tantum
931 894 1090 942 facinus,
1105 896 1166 933 cui
1178 909 1230 943 se,

128 948 191 986 cui
209 948 370 985 salutem
390 959 512 993 suam,
533 946 712 984 credidit.
706 955 720 972 ³
761 947 932 985 Servisne
950 947 1119 986 mulieris
1133 951 1150 986 P
1177 950 1233 988 sic

131 1001 232 1038 enim
247 1002 443 1060 objectum
462 1007 528 1037 est.
559 1000 612 1036 Et
624 1007 701 1037 erat
719 1008 797 1036 tam
812 999 966 1038 demens
979 1001 1054 1061 1110,
1075 1002 1154 1044 (cui
1165 1015 1231 1041 vos

131 1054 326 1113 ingenium
346 1059 443 1090 certe
461 1052 639 1099 tribuitis,
667 1052 813 1090 etiamsi
831 1060 962 1091 caetera
979 1053 1131 1093 1111111103
1148 1061 1233 1093 013-

132 1107 233 1144 tione
250 1105 460 1152 detrahitis)
473 1113 516 1142 ut
533 1118 664 1142 omnes
684 1118 769 1143 suas
787 1105 956 1144 fortunas
973 1107 1104 1146 alienis
1118 1108 1233 1146 servis

130 1159 408 1198 committeret?
443 1158 501 1195 At
519 1159 658 1208 quibus
676 1158 789 1196 servis
800 1161 817 1196 Ρ
837 1159 949 1197 refert
960 1160 1061 1197 enim
1076 1173 1234 1212 magno—

128 1226 217 1263 pere
247 1212 288 1249 id
312 1211 461 1262 ipsum:
492 1211 612 1257 hisne,
644 1224 738 1262 quos
765 1211 998 1263 intelligebat
1024 1225 1100 1251 non
1130 1226 1233 1252 com-

130 1265 239 1303 muni
256 1264 469 1303 conditione
487 1264 673 1302 servitutis
687 1265 757 1311 uti,
779 1265 842 1302 sed
861 1265 1046 1313 licentius,
1066 1266 1234 1315 liberius,

129 1317 367 1364 familiarius,
387 1329 475 1356 cum
494 1316 647 1354 domin-22
667 1317 820 1355 vivere?
850 1318 948 1365 Quis
962 1319 1063 1356 enim
1077 1319 1148 1357 hoc
1158 1331 1235 1358 non

131 1371 246 1431 videt,
263 1370 421 1419 judices,
442 1378 508 1407 aut
527 1370 611 1421 quis
630 1369 700 1408 hoc
724 1371 884 1431 ignorat,
904 1371 943 1408 in
962 1372 1149 1432 ejusmodi
1167 1373 1235 1410 do-

130 1437 209 1472 mo,
229 1424 269 1461 in
287 1437 366 1474 qua
384 1422 666 1461 materfamilias
693 1423 901 1462 meretricio
930 1437 1034 1462 more
1052 1425 1166 1473 vivat,
1196 1427 1235 1463 in

131 1491 210 1528 qua
224 1476 318 1514 nihil
333 1483 498 1526 geratur,
515 1476 618 1526 quod
634 1475 733 1515 foras
751 1476 1016 1527 proferendum
1030 1478 1090 1525 sit,
1104 1479 1144 1516 in
1159 1492 1236 1529 qua

130 1531 266 1577 lustra,
296 1529 484 1575 libidines,
515 1529 698 1576 luxuries,
725 1530 854 1568 omnia
882 1530 1044 1582 denique
1065 1531 1236 1569 inaudita

133 1583 224 1620 vitia
251 1590 365 1632 atque
389 1582 545 1632 flagitia,
571 1590 786 1628 versentur;
817 1583 881 1621 1110
909 1596 1033 1622 servos
1057 1596 1134 1622 non
1159 1598 1236 1623 esse

133 1638 289 1674 servos?
318 1634 457 1685 quibus
483 1635 612 1672 omnia
638 1636 945 1681 committantur,
975 1650 1041 1687 per
1059 1650 1153 1688 quos
1171 1651 1236 1688 ge-

135 1696 290 1733 rantur;
320 1687 387 1738 qui
406 1695 598 1726 versentur
620 1687 785 1726 iisdem
775 1701 815 1726 m
841 1689 1120 1740 voluptatibus3
1151 1691 1236 1741 qui-

133 1743 206 1779 bus
224 1741 370 1779 occulta
387 1740 612 1786 credantur;
641 1741 690 1778 ad
703 1754 797 1792 quos
809 1741 1047 1793 aliquantum
1059 1743 1173 1780 etiam
1188 1755 1235 1781 ex

134 1793 362 1845 quotidianis
383 1793 570 1832 sumtibus
588 1806 633 1832 ac
651 1794 805 1832 luxuria
823 1795 1017 1833 redundet.
1048 1795 1096 1833 Id
1121 1795 1236 1847 igitur

134 1847 276 1886 coeljus
305 1859 382 1884 non
411 1846 591 1884 videbat?
627 1847 670 1885 Si
698 1847 798 1885 enim
827 1855 907 1885 tam
936 1848 1130 1886 familiaris
1159 1856 1238 1886 erat

135 1899 315 1947 mulieris,
347 1912 463 1950 quam
482 1912 547 1937 vos
566 1899 704 1945 vultis;
734 1901 822 1938 istos
851 1913 1002 1951 quoque
1029 1913 1154 1940 servos
1180 1901 1237 1939 fa-

135 1953 298 1991 miliares
317 1965 395 1990 esse
413 1953 575 1990 dominae
594 1953 743 1991 sciebat.
777 1954 844 1992 Sin
863 1954 897 1991 ci
916 1961 1021 1991 tanta
1039 1961 1236 1992 consuetu-

134 2006 199 2052 do,
227 2012 370 2056 quanta
391 2018 414 2042 a
432 2005 536 2043 vobis
564 2005 768 2053 inducitur,
798 2019 874 2044 non
903 2015 1006 2051 erat,
997 2021 1005 2029 ·
1035 2020 1122 2058 quae
1148 2019 1236 2045 cum

136 2071 250 2118 servis
269 2058 392 2108 potuit
410 2058 641 2097 familiaritas
659 2072 737 2097 0550
756 2062 891 2097 tanta?

189 2111 347 2150 XXIV.
378 2111 505 2162 Ipsius
523 2119 649 2151 autem
668 2112 802 2152 veneni
827 2126 912 2163 quae
937 2113 1031 2152 ratio
1046 2111 1228 2164 fingitur:
1219 2123 1234 2138 1
