1455 2343
222 98 302 141 ⁶278
474 99 588 138 PRO
618 100 842 139 SEXTIO.
874 100 979 139 CAP.
1014 100 1073 137 18.

219 204 375 253 rassem,
388 218 464 244 non
483 210 651 256 verebar,
666 221 713 246 ne
726 208 811 260 quis
825 217 892 246 3111
903 208 981 247 vim
1002 207 1039 246 vi
1053 207 1247 259 repulsam
1270 220 1332 247 re-

217 258 479 309 prehenderet,
507 269 573 300 aut
592 263 827 313 perditorum
854 262 1010 309 civium,
1040 262 1101 300 vel
1119 261 1246 312 potius
1263 261 1331 300 do-

219 313 463 352 mesticorum
487 316 670 365 hostium,
690 323 852 354 mortem
873 323 1058 354 moereret.
1088 315 1164 354 Sed
1182 328 1246 354 me
1264 315 1333 354 illa

218 377 444 408 moverunt.
474 370 653 408 omnibus
673 370 712 407 in
728 370 970 408 concionibus
988 370 1056 408 1113
1073 369 1174 407 furia
1191 370 1332 408 clama-

218 421 298 467 bat,
330 435 382 469 se,
414 436 501 474 quae
524 424 663 463 faceret
690 431 818 462 contra
848 424 1010 462 salutem
1034 435 1175 471 meam,
1212 422 1334 462 facere

217 483 369 514 11161016
395 476 467 515 Cn.
500 478 699 529 Pompeio,
732 477 938 516 clarissimo
967 477 1063 526 viro,
1093 476 1267 528 mihique
1296 483 1333 516 et

220 540 337 575 nunc,
375 539 411 569 61
447 532 574 582 quoad
612 532 734 579 licuit,
776 531 1015 570 amicissimo.
1063 531 1125 569 M.
1157 530 1330 579 Crassus,

216 584 402 633 (quocum
424 585 521 622 mihi
543 594 649 624 erant
669 598 801 624 omnes
820 585 995 623 amicitiae
1019 584 1331 633 necessitudines)

216 636 274 672 vir
310 637 550 686 fortissimus,
589 641 637 677 ab
669 639 803 677 eadem
832 639 901 676 illa
929 645 1034 690 peste
1064 638 1330 678 infestissimus

217 702 297 728 csse
320 692 415 730 meis
447 693 609 731 fortunis
641 693 928 744 praedicabatur.
971 693 1015 731 C.
1047 692 1188 739 Caesar,
1218 693 1286 745 qui
1308 705 1332 730 a

217 756 279 782 me
297 745 404 784 nullo
426 759 512 785 meo
534 747 669 785 merito
688 747 834 785 alienus
852 759 931 785 esse
955 746 1131 793 debebat,
1150 745 1333 785 inimicis·

218 797 338 837 simus
358 812 436 838 esse
453 813 550 839 meae
564 801 677 840 saluti
689 803 738 839 ab
752 801 884 839 eodem
896 800 1128 852 quotidianis
1147 799 1336 839 concioni-

219 853 292 890 bus
310 852 517 893 dicebatur.

270 906 346 944 His
365 921 404 946 se
422 909 543 947 tribus
562 909 778 948 auctoribus
796 909 836 947 in
855 908 1018 947 consiliis
1036 907 1245 959 capiendis,
1265 907 1333 946 ad-

215 961 406 1008 jutoribus
436 962 476 999 in
506 977 547 1001 re
579 963 759 1015 gerenda,
791 976 869 1005 esse
893 975 1057 1001 usurum
1084 962 1255 1000 dicebat:
1287 975 1335 1000 ex

219 1015 360 1063 quibus
378 1029 501 1054 unum
520 1017 659 1056 habere
678 1017 886 1056 exercitum
899 1017 940 1055 in
955 1015 1070 1054 Italia
1087 1016 1333 1054 maximum·
1320 1043 1333 1061 ,

218 1068 308 1114 duo,
331 1070 398 1121 qui
422 1071 561 1122 privati
590 1079 674 1110 tum
702 1079 836 1120 essent,
866 1078 903 1110 61
933 1082 1105 1122 praeesse,
1126 1077 1164 1108 et
1186 1082 1334 1121 parare,

220 1121 249 1159 si
271 1124 426 1172 vellent,
448 1125 656 1163 exercitum
675 1138 807 1177 posse:
837 1125 953 1176 idque
982 1124 1147 1163 facturos
1171 1136 1250 1162 esse
1278 1123 1336 1161 di-

220 1178 339 1215 cebat.
371 1179 456 1217 Nec
468 1179 564 1217 mihi
583 1180 648 1217 ille
662 1179 853 1229 judicium
873 1178 1021 1230 populi,
1034 1191 1104 1217 nec
1121 1177 1336 1229 legitimam

219 1230 391 1282 aliquam
404 1233 697 1281 contentionem,
713 1246 782 1272 nec
796 1233 1121 1284 disceptationem,
1134 1239 1201 1270 aut
1215 1243 1338 1270 causae

219 1284 438 1333 dictionem,
474 1287 538 1324 sed
567 1287 662 1335 vim,
696 1301 816 1335 arma,
847 1287 1046 1336 exercitus,
1075 1287 1335 1337 imperatorffi,

220 1346 354 1385 castra,
371 1339 631 1379 denuntiabat.

219 1426 221 1428 .
274 1392 443 1431 XVIII.
473 1393 583 1441 Quid
601 1395 720 1446 ergo?
749 1394 894 1432 inimici
912 1394 1044 1441 013110,
1065 1405 1165 1433 vana
1181 1405 1337 1444 praeser-

221 1445 306 1493 tim,
326 1454 407 1484 1311
436 1448 609 1499 improbe
630 1449 671 1486 in
701 1448 926 1487 clarissimos
950 1449 1050 1487 viros
1073 1448 1256 1497 conjecta,
1275 1459 1338 1485 me

218 1499 372 1539 movit?
402 1501 474 1539 Me
492 1514 579 1540 vero
597 1515 675 1540 non
705 1502 808 1540 illius
834 1502 967 1550 oratio,
1001 1502 1068 1540 sed
1086 1513 1218 1540 eorum
1243 1500 1336 1539 taci-

220 1553 395 1603 turnitas,
426 1554 467 1592 in
485 1569 580 1607 quos
603 1556 670 1594 illa
689 1556 807 1594 oratio
826 1563 905 1594 tam
924 1556 1099 1607 improba
1116 1555 1334 1594 confereba-

220 1615 307 1646 tur:
338 1608 406 1660 qui
436 1616 535 1657 tum,
568 1623 806 1662 quamquam
830 1612 879 1648 ob
909 1610 1024 1648 aliam
1053 1622 1206 1648 causam
1238 1615 1338 1647 tace-

218 1663 328 1709 bant,
349 1669 477 1701 tamen
500 1663 736 1711 hominibus,
763 1664 893 1702 omnia
914 1664 1152 1711 timentibus,
1179 1662 1337 1701 tacendo

219 1691 342 1766 loqui,
358 1728 435 1755 non
449 1716 652 1756 inficiando
663 1717 846 1766 confiteri,
862 1718 1100 1757 indebantur.
1130 1717 1196 1755 Illi
1207 1723 1336 1755 autem

222 1769 370 1821 (aliquo
398 1777 484 1809 tum
509 1771 644 1810 timore
673 1772 874 1824 perterriti,
906 1772 1010 1823 quod
1032 1779 1115 1810 acta
1138 1771 1206 1809 illa
1222 1777 1338 1821 atque

220 1835 353 1865 omnes
379 1837 437 1863 res
462 1825 554 1862 anni
579 1826 779 1877 superioris
806 1825 1025 1864 labefactari
1049 1839 1073 1864 a
1098 1824 1336 1876 praetoribus,

222 1877 409 1916 infirmari
437 1891 461 1916 a
479 1886 610 1917 senatu
635 1887 750 1931 atque
767 1880 1003 1931 principibus
1021 1878 1195 1926 civitatis,
1224 1884 1339 1929 puta«

219 1933 331 1980 bant)
357 1932 556 1970 tribunum
581 1935 806 1984 popularem
832 1947 855 1972 a
873 1945 912 1972 se
935 1934 1098 1972 alienare
1126 1932 1333 1975 nolebant3

220 1999 365 2037 suaque
379 1986 449 2025 sibi
467 1987 643 2039 propiora
657 1988 825 2039 pericula
843 2001 934 2035 esse,
951 2000 1071 2039 quam
1088 1999 1188 2034 mea,
1203 1985 1336 2037 loque-

222 2040 374 2078 bantur.

274 2093 350 2132 Sed
368 2101 496 2133 tamen
515 2103 552 2133 et
571 2096 728 2134 Crassus
748 2110 770 2134 a
789 2097 1008 2135 consulibus
1032 2107 1159 2133 meam
1177 2104 1331 2132 causam

219 2147 496 2198 suscipiendam
511 2162 588 2187 esse
600 2149 772 2195 (licebat3
803 2158 839 2188 et
851 2163 983 2189 eorum
994 2148 1110 2187 fidem
1126 2146 1333 2198 Pompeius

220 2201 474 2253 implorabat3
512 2216 636 2254 neque
666 2217 704 2242 56
740 2205 931 2256 privatum
965 2203 1118 2255 publice
1154 2207 1334 2251 susceptae
