<?xml version="1.0" encoding="UTF-8"?>
<!DOCTYPE html PUBLIC "-//W3C//DTD XHTML 1.0 Transitional//EN"
    "http://www.w3.org/TR/xhtml1/DTD/xhtml1-transitional.dtd">
<html xmlns="http://www.w3.org/1999/xhtml" xml:lang="en" lang="en">
 <head>
  <title>
</title>
<meta http-equiv="Content-Type" content="text/html;charset=utf-8" />
  <meta name='ocr-system' content='tesseract 3.04.00' />
  <meta name='ocr-capabilities' content='ocr_page ocr_carea ocr_par ocr_line ocrx_word'/>
</head>
<body>
  <div class='ocr_page' id='page_1' title='image "./operaern07ciceuoft_0347.png"; bbox 0 0 1425 2334; ppageno 0'>
   <div class='ocr_carea' id='block_1_1' title="bbox 345 87 1208 132">
    <p class='ocr_par' dir='ltr' id='par_1_1' title="bbox 345 87 1208 132">
     <span class='ocr_line' id='line_1_1' title="bbox 345 87 1208 132; baseline -0.003 -5"><span class='ocrx_word' id='word_1_1' title='bbox 345 88 408 128; x_wconf 92' lang='lat' dir='ltr'>IN</span> <span class='ocrx_word' id='word_1_2' title='bbox 436 87 750 129; x_wconf 89' lang='lat' dir='ltr'>VATINIUM.</span> <span class='ocrx_word' id='word_1_3' title='bbox 781 88 886 127; x_wconf 73' lang='lat' dir='ltr'><strong>CAP.</strong></span> <span class='ocrx_word' id='word_1_4' title='bbox 918 89 956 132; x_wconf 85' lang='lat'>7.</span> <span class='ocrx_word' id='word_1_5' title='bbox 1129 87 1208 125; x_wconf 85' lang='lat'>3:33</span> 
     </span>
    </p>
   </div>
   <div class='ocr_carea' id='block_1_2' title="bbox 109 192 1216 2248">
    <p class='ocr_par' dir='ltr' id='par_1_2' title="bbox 109 192 1209 351">
     <span class='ocr_line' id='line_1_2' title="bbox 109 192 1209 244; baseline -0.002 -12"><span class='ocrx_word' id='word_1_6' title='bbox 109 194 274 242; x_wconf 78' lang='lat' dir='ltr'><strong>furcifer,</strong></span> <span class='ocrx_word' id='word_1_7' title='bbox 299 207 450 241; x_wconf 79' lang='lat' dir='ltr'>sumes;</span> <span class='ocrx_word' id='word_1_8' title='bbox 479 203 516 234; x_wconf 88' lang='lat' dir='ltr'>et</span> <span class='ocrx_word' id='word_1_9' title='bbox 534 195 681 234; x_wconf 84' lang='lat' dir='ltr'>Vatinii</span> <span class='ocrx_word' id='word_1_10' title='bbox 702 195 857 233; x_wconf 90' lang='lat' dir='ltr'>latronis</span> <span class='ocrx_word' id='word_1_11' title='bbox 881 207 924 232; x_wconf 87' lang='lat' dir='ltr'>ac</span> <span class='ocrx_word' id='word_1_12' title='bbox 948 192 1116 244; x_wconf 84' lang='lat' dir='ltr'>sacrilegi</span> <span class='ocrx_word' id='word_1_13' title='bbox 1133 205 1209 230; x_wconf 83' lang='lat' dir='ltr'>vox</span> 
     </span>
     <span class='ocr_line' id='line_1_3' title="bbox 111 246 1209 300; baseline -0.002 -15"><span class='ocrx_word' id='word_1_14' title='bbox 111 247 298 296; x_wconf 84' lang='lat' dir='ltr'>audietur,</span> <span class='ocrx_word' id='word_1_15' title='bbox 317 249 388 286; x_wconf 92' lang='lat' dir='ltr'>hoc</span> <span class='ocrx_word' id='word_1_16' title='bbox 411 249 649 300; x_wconf 84' lang='lat' dir='ltr'>postulantis,</span> <span class='ocrx_word' id='word_1_17' title='bbox 677 257 721 286; x_wconf 87' lang='lat' dir='ltr'>ut</span> <span class='ocrx_word' id='word_1_18' title='bbox 743 248 845 286; x_wconf 89' lang='lat' dir='ltr'>idem</span> <span class='ocrx_word' id='word_1_19' title='bbox 875 247 945 286; x_wconf 89' lang='lat' dir='ltr'>sibi</span> <span class='ocrx_word' id='word_1_20' title='bbox 973 246 1209 294; x_wconf 84' lang='lat' dir='ltr'>concedatur,</span> 
     </span>
     <span class='ocr_line' id='line_1_4' title="bbox 111 301 406 351; baseline 0.007 -14"><span class='ocrx_word' id='word_1_21' title='bbox 111 301 213 351; x_wconf 91' lang='lat' dir='ltr'>quod</span> <span class='ocrx_word' id='word_1_22' title='bbox 232 302 372 339; x_wconf 79' lang='lat' dir='ltr'>Caesari</span> <span class='ocrx_word' id='word_1_23' title='bbox 388 303 406 339; x_wconf 85' lang='lat'>?</span> 
     </span>
    </p>

    <p class='ocr_par' dir='ltr' id='par_1_3' title="bbox 111 352 1213 1095">
     <span class='ocr_line' id='line_1_5' title="bbox 165 352 1207 406; baseline -0.003 -15"><span class='ocrx_word' id='word_1_24' title='bbox 165 353 264 391; x_wconf 89' lang='lat' dir='ltr'>VH.</span> <span class='ocrx_word' id='word_1_25' title='bbox 285 355 346 393; x_wconf 90' lang='lat' dir='ltr'>Sic</span> <span class='ocrx_word' id='word_1_26' title='bbox 360 355 460 393; x_wconf 91' lang='lat' dir='ltr'>enim</span> <span class='ocrx_word' id='word_1_27' title='bbox 473 367 520 393; x_wconf 84' lang='lat' dir='ltr'>ex</span> <span class='ocrx_word' id='word_1_28' title='bbox 534 362 572 393; x_wconf 88' lang='lat' dir='ltr'>te</span> <span class='ocrx_word' id='word_1_29' title='bbox 585 367 724 406; x_wconf 86' lang='lat' dir='ltr'>quaero.</span> <span class='ocrx_word' id='word_1_30' title='bbox 746 355 941 392; x_wconf 88' lang='lat' dir='ltr'>Tribunus</span> <span class='ocrx_word' id='word_1_31' title='bbox 953 353 1071 404; x_wconf 88' lang='lat' dir='ltr'>plebis</span> <span class='ocrx_word' id='word_1_32' title='bbox 1083 352 1207 390; x_wconf 85' lang='lat' dir='ltr'>fuisti:</span> 
     </span>
     <span class='ocr_line' id='line_1_6' title="bbox 113 406 1212 458; baseline -0.001 -15"><span class='ocrx_word' id='word_1_33' title='bbox 113 407 270 458; x_wconf 88' lang='lat' dir='ltr'>sejunge</span> <span class='ocrx_word' id='word_1_34' title='bbox 297 414 335 445; x_wconf 84' lang='lat' dir='ltr'>te</span> <span class='ocrx_word' id='word_1_35' title='bbox 359 421 381 445; x_wconf 88' lang='lat' dir='ltr'>a</span> <span class='ocrx_word' id='word_1_36' title='bbox 409 409 584 446; x_wconf 87' lang='lat' dir='ltr'>consule:</span> <span class='ocrx_word' id='word_1_37' title='bbox 615 409 774 458; x_wconf 86' lang='lat' dir='ltr'>collegas</span> <span class='ocrx_word' id='word_1_38' title='bbox 798 407 963 445; x_wconf 85' lang='lat' dir='ltr'>habuisti</span> <span class='ocrx_word' id='word_1_39' title='bbox 981 407 1078 444; x_wconf 84' lang='lat' dir='ltr'>viros</span> <span class='ocrx_word' id='word_1_40' title='bbox 1100 406 1212 442; x_wconf 87' lang='lat' dir='ltr'>fortes</span> 
     </span>
     <span class='ocr_line' id='line_1_7' title="bbox 113 459 1212 511; baseline -0.001 -15"><span class='ocrx_word' id='word_1_41' title='bbox 113 471 261 497; x_wconf 91' lang='lat' dir='ltr'>novem.</span> <span class='ocrx_word' id='word_1_42' title='bbox 301 461 366 498; x_wconf 84' lang='lat' dir='ltr'>Ex</span> <span class='ocrx_word' id='word_1_43' title='bbox 383 461 442 500; x_wconf 87' lang='lat' dir='ltr'>his</span> <span class='ocrx_word' id='word_1_44' title='bbox 460 469 533 499; x_wconf 88' lang='lat' dir='ltr'>tres</span> <span class='ocrx_word' id='word_1_45' title='bbox 551 468 669 506; x_wconf 86' lang='lat' dir='ltr'>erant,</span> <span class='ocrx_word' id='word_1_46' title='bbox 690 473 784 511; x_wconf 92' lang='lat' dir='ltr'>quos</span> <span class='ocrx_word' id='word_1_47' title='bbox 806 469 847 498; x_wconf 88' lang='lat' dir='ltr'>tu</span> <span class='ocrx_word' id='word_1_48' title='bbox 877 459 1043 511; x_wconf 88' lang='lat' dir='ltr'>quotidie</span> <span class='ocrx_word' id='word_1_49' title='bbox 1072 459 1212 496; x_wconf 81' lang='lat' dir='ltr'>sciebas</span> 
     </span>
     <span class='ocr_line' id='line_1_8' title="bbox 113 512 1213 565; baseline -0.001 -16"><span class='ocrx_word' id='word_1_50' title='bbox 113 524 258 550; x_wconf 86' lang='lat' dir='ltr'>servare</span> <span class='ocrx_word' id='word_1_51' title='bbox 275 514 322 551; x_wconf 88' lang='lat' dir='ltr'>de</span> <span class='ocrx_word' id='word_1_52' title='bbox 341 515 456 559; x_wconf 86' lang='lat' dir='ltr'>coelo;</span> <span class='ocrx_word' id='word_1_53' title='bbox 486 526 580 565; x_wconf 90' lang='lat' dir='ltr'>quos</span> <span class='ocrx_word' id='word_1_54' title='bbox 603 514 794 560; x_wconf 81' lang='lat' dir='ltr'>irridebas,</span> <span class='ocrx_word' id='word_1_55' title='bbox 826 526 920 565; x_wconf 89' lang='lat' dir='ltr'>quos</span> <span class='ocrx_word' id='word_1_56' title='bbox 946 512 1109 563; x_wconf 84' lang='lat' dir='ltr'>privatos</span> <span class='ocrx_word' id='word_1_57' title='bbox 1135 523 1213 549; x_wconf 87' lang='lat' dir='ltr'>esse</span> 
     </span>
     <span class='ocr_line' id='line_1_9' title="bbox 113 564 1209 618; baseline -0.002 -16"><span class='ocrx_word' id='word_1_58' title='bbox 113 564 284 603; x_wconf 87' lang='lat' dir='ltr'>dicebas:</span> <span class='ocrx_word' id='word_1_59' title='bbox 315 567 361 604; x_wconf 87' lang='lat' dir='ltr'>de</span> <span class='ocrx_word' id='word_1_60' title='bbox 380 568 517 618; x_wconf 88' lang='lat' dir='ltr'>quibus</span> <span class='ocrx_word' id='word_1_61' title='bbox 535 567 630 604; x_wconf 91' lang='lat' dir='ltr'>duos</span> <span class='ocrx_word' id='word_1_62' title='bbox 641 574 878 618; x_wconf 66' lang='lat' dir='ltr'>praetextatos</span> <span class='ocrx_word' id='word_1_63' title='bbox 897 566 1063 604; x_wconf 88' lang='lat' dir='ltr'>sedentes</span> <span class='ocrx_word' id='word_1_64' title='bbox 1082 564 1209 608; x_wconf 81' lang='lat' dir='ltr'>vides;</span> 
     </span>
     <span class='ocr_line' id='line_1_10' title="bbox 114 617 1213 671; baseline -0.001 -16"><span class='ocrx_word' id='word_1_65' title='bbox 114 624 151 655; x_wconf 91' lang='lat' dir='ltr'>te</span> <span class='ocrx_word' id='word_1_66' title='bbox 170 619 366 657; x_wconf 84' lang='lat' dir='ltr'>aediliciam</span> <span class='ocrx_word' id='word_1_67' title='bbox 385 627 605 671; x_wconf 59' lang='lat' dir='ltr'>praetextam</span> <span class='ocrx_word' id='word_1_68' title='bbox 627 628 769 670; x_wconf 87' lang='lat' dir='ltr'>togam,</span> <span class='ocrx_word' id='word_1_69' title='bbox 789 632 906 670; x_wconf 89' lang='lat' dir='ltr'>quam</span> <span class='ocrx_word' id='word_1_70' title='bbox 932 619 1071 656; x_wconf 83' lang='lat' dir='ltr'>frustra</span> <span class='ocrx_word' id='word_1_71' title='bbox 1089 617 1213 655; x_wconf 90' lang='lat' dir='ltr'>confe-</span> 
     </span>
     <span class='ocr_line' id='line_1_11' title="bbox 114 673 1213 720; baseline 0 -13"><span class='ocrx_word' id='word_1_72' title='bbox 114 683 228 717; x_wconf 85' lang='lat' dir='ltr'>ceras,</span> <span class='ocrx_word' id='word_1_73' title='bbox 245 673 476 718; x_wconf 78' lang='lat' dir='ltr'>vendidisse3</span> <span class='ocrx_word' id='word_1_74' title='bbox 506 673 660 710; x_wconf 88' lang='lat' dir='ltr'>tertium</span> <span class='ocrx_word' id='word_1_75' title='bbox 680 673 764 720; x_wconf 87' lang='lat' dir='ltr'>scis,</span> <span class='ocrx_word' id='word_1_76' title='bbox 780 673 910 710; x_wconf 78' lang='lat' dir='ltr'>exfflo</span> <span class='ocrx_word' id='word_1_77' title='bbox 935 674 1080 709; x_wconf 88' lang='lat' dir='ltr'>obsesso</span> <span class='ocrx_word' id='word_1_78' title='bbox 1099 678 1213 720; x_wconf 87' lang='lat' dir='ltr'>atque</span> 
     </span>
     <span class='ocr_line' id='line_1_12' title="bbox 115 724 1211 773; baseline -0.002 -12"><span class='ocrx_word' id='word_1_79' title='bbox 115 724 252 762; x_wconf 78' lang='lat' dir='ltr'>afflicto</span> <span class='ocrx_word' id='word_1_80' title='bbox 266 726 474 773; x_wconf 83' lang='lat' dir='ltr'>tribunatu,</span> <span class='ocrx_word' id='word_1_81' title='bbox 490 727 723 764; x_wconf 88' lang='lat' dir='ltr'>consularem</span> <span class='ocrx_word' id='word_1_82' title='bbox 741 726 999 764; x_wconf 88' lang='lat' dir='ltr'>auctoritatem</span> <span class='ocrx_word' id='word_1_83' title='bbox 1017 724 1211 761; x_wconf 87' lang='lat' dir='ltr'>hominem</span> 
     </span>
     <span class='ocr_line' id='line_1_13' title="bbox 115 777 1209 829; baseline -0.002 -14"><span class='ocrx_word' id='word_1_84' title='bbox 115 788 192 815; x_wconf 87' lang='lat' dir='ltr'>esse</span> <span class='ocrx_word' id='word_1_85' title='bbox 210 778 481 817; x_wconf 81' lang='lat' dir='ltr'>adolescentem</span> <span class='ocrx_word' id='word_1_86' title='bbox 499 787 762 817; x_wconf 79' lang='lat' dir='ltr'>consecutum:</span> <span class='ocrx_word' id='word_1_87' title='bbox 793 779 928 829; x_wconf 84' lang='lat' dir='ltr'>reliqui</span> <span class='ocrx_word' id='word_1_88' title='bbox 947 790 1012 816; x_wconf 70' lang='lat' dir='ltr'>sex</span> <span class='ocrx_word' id='word_1_89' title='bbox 1029 777 1209 821; x_wconf 72' lang='lat' dir='ltr'>fuerunt3</span> 
     </span>
     <span class='ocr_line' id='line_1_14' title="bbox 113 830 1212 883; baseline -0.002 -16"><span class='ocrx_word' id='word_1_90' title='bbox 113 843 161 867; x_wconf 81' lang='lat' dir='ltr'>ex</span> <span class='ocrx_word' id='word_1_91' title='bbox 176 832 314 881; x_wconf 90' lang='lat' dir='ltr'>quibus</span> <span class='ocrx_word' id='word_1_92' title='bbox 330 833 467 883; x_wconf 84' lang='lat' dir='ltr'>partim</span> <span class='ocrx_word' id='word_1_93' title='bbox 482 833 594 883; x_wconf 83' lang='lat' dir='ltr'>plane</span> <span class='ocrx_word' id='word_1_94' title='bbox 608 841 732 870; x_wconf 88' lang='lat' dir='ltr'>tecum</span> <span class='ocrx_word' id='word_1_95' title='bbox 747 832 969 875; x_wconf 82' lang='lat' dir='ltr'>sentiebant,</span> <span class='ocrx_word' id='word_1_96' title='bbox 982 830 1120 881; x_wconf 84' lang='lat' dir='ltr'>partim</span> <span class='ocrx_word' id='word_1_97' title='bbox 1132 842 1212 866; x_wconf 93' lang='lat' dir='ltr'>me-</span> 
     </span>
     <span class='ocr_line' id='line_1_15' title="bbox 112 882 1212 935; baseline -0.001 -15"><span class='ocrx_word' id='word_1_98' title='bbox 112 882 222 921; x_wconf 90' lang='lat' dir='ltr'>dium</span> <span class='ocrx_word' id='word_1_99' title='bbox 236 885 440 935; x_wconf 88' lang='lat' dir='ltr'>quemdam</span> <span class='ocrx_word' id='word_1_100' title='bbox 456 899 606 923; x_wconf 85' lang='lat' dir='ltr'>cursum</span> <span class='ocrx_word' id='word_1_101' title='bbox 621 887 798 923; x_wconf 82' lang='lat' dir='ltr'>tenebant</span> <span class='ocrx_word' id='word_1_102' title='bbox 811 899 822 930; x_wconf 79' lang='lat'>3</span> <span class='ocrx_word' id='word_1_103' title='bbox 853 897 983 922; x_wconf 87' lang='lat' dir='ltr'>omnes</span> <span class='ocrx_word' id='word_1_104' title='bbox 997 884 1212 920; x_wconf 87' lang='lat' dir='ltr'>habuerunt</span> 
     </span>
     <span class='ocr_line' id='line_1_16' title="bbox 111 936 1212 989; baseline -0.001 -16"><span class='ocrx_word' id='word_1_105' title='bbox 111 936 214 986; x_wconf 90' lang='lat' dir='ltr'>leges</span> <span class='ocrx_word' id='word_1_106' title='bbox 232 939 490 989; x_wconf 85' lang='lat' dir='ltr'>promulgatas</span> <span class='ocrx_word' id='word_1_107' title='bbox 506 953 516 976; x_wconf 72' lang='grc' dir='ltr'><strong><em>ι</em></strong></span> <span class='ocrx_word' id='word_1_108' title='bbox 546 938 585 976; x_wconf 91' lang='lat' dir='ltr'>in</span> <span class='ocrx_word' id='word_1_109' title='bbox 604 939 663 976; x_wconf 88' lang='lat' dir='ltr'>his</span> <span class='ocrx_word' id='word_1_110' title='bbox 682 939 822 975; x_wconf 82' lang='lat' dir='ltr'>multas</span> <span class='ocrx_word' id='word_1_111' title='bbox 846 950 953 974; x_wconf 88' lang='lat' dir='ltr'>meus</span> <span class='ocrx_word' id='word_1_112' title='bbox 971 936 1212 981; x_wconf 86' lang='lat' dir='ltr'>necessarius,</span> 
     </span>
     <span class='ocr_line' id='line_1_17' title="bbox 113 989 1210 1039; baseline -0.001 -13"><span class='ocrx_word' id='word_1_113' title='bbox 113 990 226 1027; x_wconf 86' lang='lat' dir='ltr'>etiam</span> <span class='ocrx_word' id='word_1_114' title='bbox 245 991 292 1028; x_wconf 86' lang='lat' dir='ltr'>de</span> <span class='ocrx_word' id='word_1_115' title='bbox 309 992 395 1029; x_wconf 63' lang='lat' dir='ltr'>mea</span> <span class='ocrx_word' id='word_1_116' title='bbox 414 992 611 1039; x_wconf 60' lang='lat' dir='ltr'>sententia,</span> <span class='ocrx_word' id='word_1_117' title='bbox 633 992 676 1030; x_wconf 87' lang='lat' dir='ltr'>C.</span> <span class='ocrx_word' id='word_1_118' title='bbox 694 990 911 1037; x_wconf 88' lang='lat' dir='ltr'>Cosconius,</span> <span class='ocrx_word' id='word_1_119' title='bbox 929 989 1048 1038; x_wconf 85' lang='lat' dir='ltr'>judex</span> <span class='ocrx_word' id='word_1_120' title='bbox 1066 997 1210 1034; x_wconf 73' lang='lat' dir='ltr'>noster-3</span> 
     </span>
     <span class='ocr_line' id='line_1_18' title="bbox 111 1043 1025 1095; baseline 0 -16"><span class='ocrx_word' id='word_1_121' title='bbox 111 1055 240 1092; x_wconf 91' lang='lat' dir='ltr'>quem,</span> <span class='ocrx_word' id='word_1_122' title='bbox 261 1051 303 1081; x_wconf 92' lang='lat' dir='ltr'>tu</span> <span class='ocrx_word' id='word_1_123' title='bbox 322 1044 578 1095; x_wconf 81' lang='lat' dir='ltr'>disrumperis,</span> <span class='ocrx_word' id='word_1_124' title='bbox 595 1057 680 1082; x_wconf 89' lang='lat' dir='ltr'>cum</span> <span class='ocrx_word' id='word_1_125' title='bbox 697 1044 896 1082; x_wconf 87' lang='lat' dir='ltr'>aedilicium</span> <span class='ocrx_word' id='word_1_126' title='bbox 912 1043 1025 1080; x_wconf 65' lang='lat' dir='ltr'>vides.</span> 
     </span>
    </p>

    <p class='ocr_par' dir='ltr' id='par_1_4' title="bbox 112 1095 1216 2248">
     <span class='ocr_line' id='line_1_19' title="bbox 167 1095 1214 1149; baseline -0.001 -16"><span class='ocrx_word' id='word_1_127' title='bbox 167 1096 267 1134; x_wconf 88' lang='lat' dir='ltr'>Volo</span> <span class='ocrx_word' id='word_1_128' title='bbox 285 1097 342 1134; x_wconf 89' lang='lat' dir='ltr'>uti</span> <span class='ocrx_word' id='word_1_129' title='bbox 360 1097 455 1135; x_wconf 84' lang='lat' dir='ltr'>mihi</span> <span class='ocrx_word' id='word_1_130' title='bbox 473 1098 708 1149; x_wconf 85' lang='lat' dir='ltr'>respondeas,</span> <span class='ocrx_word' id='word_1_131' title='bbox 728 1110 819 1135; x_wconf 88' lang='lat' dir='ltr'>num</span> <span class='ocrx_word' id='word_1_132' title='bbox 841 1096 925 1147; x_wconf 87' lang='lat' dir='ltr'>quis</span> <span class='ocrx_word' id='word_1_133' title='bbox 941 1109 987 1133; x_wconf 82' lang='lat' dir='ltr'>ex</span> <span class='ocrx_word' id='word_1_134' title='bbox 1006 1102 1083 1133; x_wconf 89' lang='lat' dir='ltr'>toto</span> <span class='ocrx_word' id='word_1_135' title='bbox 1102 1095 1214 1133; x_wconf 89' lang='lat' dir='ltr'>colle-</span> 
     </span>
     <span class='ocr_line' id='line_1_20' title="bbox 112 1148 1213 1201; baseline 0 -16"><span class='ocrx_word' id='word_1_136' title='bbox 112 1148 174 1198; x_wconf 89' lang='lat' dir='ltr'>gio</span> <span class='ocrx_word' id='word_1_137' title='bbox 187 1149 311 1199; x_wconf 86' lang='lat' dir='ltr'>legem</span> <span class='ocrx_word' id='word_1_138' title='bbox 326 1150 372 1188; x_wconf 88' lang='lat' dir='ltr'>sit</span> <span class='ocrx_word' id='word_1_139' title='bbox 383 1164 496 1188; x_wconf 89' lang='lat' dir='ltr'>ausus</span> <span class='ocrx_word' id='word_1_140' title='bbox 510 1151 619 1199; x_wconf 85' lang='lat' dir='ltr'>ferre,</span> <span class='ocrx_word' id='word_1_141' title='bbox 634 1159 769 1201; x_wconf 87' lang='lat' dir='ltr'>praeter</span> <span class='ocrx_word' id='word_1_142' title='bbox 783 1160 905 1188; x_wconf 86' lang='lat' dir='ltr'>unum</span> <span class='ocrx_word' id='word_1_143' title='bbox 917 1149 979 1186; x_wconf 79' lang='lat' dir='ltr'>te?</span> <span class='ocrx_word' id='word_1_144' title='bbox 1008 1162 1094 1200; x_wconf 88' lang='lat' dir='ltr'>quae</span> <span class='ocrx_word' id='word_1_145' title='bbox 1107 1155 1213 1186; x_wconf 87' lang='lat' dir='ltr'>tanta</span> 
     </span>
     <span class='ocr_line' id='line_1_21' title="bbox 114 1201 1215 1255; baseline 0.001 -18"><span class='ocrx_word' id='word_1_146' title='bbox 114 1201 154 1237; x_wconf 89' lang='lat' dir='ltr'>in</span> <span class='ocrx_word' id='word_1_147' title='bbox 173 1208 210 1239; x_wconf 91' lang='lat' dir='ltr'>te</span> <span class='ocrx_word' id='word_1_148' title='bbox 223 1202 297 1240; x_wconf 89' lang='lat' dir='ltr'>fuit</span> <span class='ocrx_word' id='word_1_149' title='bbox 315 1203 483 1251; x_wconf 85' lang='lat' dir='ltr'>audacia,</span> <span class='ocrx_word' id='word_1_150' title='bbox 505 1218 590 1255; x_wconf 83' lang='lat' dir='ltr'>quae</span> <span class='ocrx_word' id='word_1_151' title='bbox 607 1212 712 1242; x_wconf 75' lang='lat' dir='ltr'>tanta</span> <span class='ocrx_word' id='word_1_152' title='bbox 730 1204 799 1246; x_wconf 75' lang='lat' dir='ltr'>vis,</span> <span class='ocrx_word' id='word_1_153' title='bbox 819 1210 876 1249; x_wconf 91' lang='lat' dir='ltr'>ut,</span> <span class='ocrx_word' id='word_1_154' title='bbox 897 1215 984 1240; x_wconf 89' lang='lat' dir='ltr'>cum</span> <span class='ocrx_word' id='word_1_155' title='bbox 1003 1214 1138 1239; x_wconf 89' lang='lat' dir='ltr'>novem</span> <span class='ocrx_word' id='word_1_156' title='bbox 1157 1201 1215 1238; x_wconf 89' lang='lat' dir='ltr'>tui</span> 
     </span>
     <span class='ocr_line' id='line_1_22' title="bbox 112 1255 1211 1305; baseline -0.001 -14"><span class='ocrx_word' id='word_1_157' title='bbox 112 1255 264 1305; x_wconf 83' lang='lat' dir='ltr'>collegae</span> <span class='ocrx_word' id='word_1_158' title='bbox 289 1256 360 1294; x_wconf 89' lang='lat' dir='ltr'>sibi</span> <span class='ocrx_word' id='word_1_159' title='bbox 387 1257 600 1294; x_wconf 89' lang='lat' dir='ltr'>timendum</span> <span class='ocrx_word' id='word_1_160' title='bbox 629 1270 708 1295; x_wconf 88' lang='lat' dir='ltr'>esse</span> <span class='ocrx_word' id='word_1_161' title='bbox 737 1256 926 1302; x_wconf 79' lang='lat' dir='ltr'>duxerint,</span> <span class='ocrx_word' id='word_1_162' title='bbox 955 1255 995 1292; x_wconf 94' lang='lat' dir='ltr'>id</span> <span class='ocrx_word' id='word_1_163' title='bbox 1024 1267 1123 1292; x_wconf 91' lang='lat' dir='ltr'>unus</span> <span class='ocrx_word' id='word_1_164' title='bbox 1154 1261 1211 1301; x_wconf 90' lang='lat' dir='ltr'>tu,</span> 
     </span>
     <span class='ocr_line' id='line_1_23' title="bbox 113 1307 1215 1358; baseline 0 -14"><span class='ocrx_word' id='word_1_165' title='bbox 113 1307 278 1346; x_wconf 87' lang='lat' dir='ltr'>emersus</span> <span class='ocrx_word' id='word_1_166' title='bbox 295 1322 315 1347; x_wconf 96' lang='lat' dir='ltr'>e</span> <span class='ocrx_word' id='word_1_167' title='bbox 333 1322 449 1358; x_wconf 87' lang='lat' dir='ltr'>coeno,</span> <span class='ocrx_word' id='word_1_168' title='bbox 469 1311 641 1348; x_wconf 91' lang='lat' dir='ltr'>omnium</span> <span class='ocrx_word' id='word_1_169' title='bbox 660 1310 768 1348; x_wconf 84' lang='lat' dir='ltr'>facile</span> <span class='ocrx_word' id='word_1_170' title='bbox 789 1309 964 1346; x_wconf 85' lang='lat' dir='ltr'>omnibus</span> <span class='ocrx_word' id='word_1_171' title='bbox 993 1309 1104 1345; x_wconf 87' lang='lat' dir='ltr'>rebus</span> <span class='ocrx_word' id='word_1_172' title='bbox 1128 1307 1215 1344; x_wconf 86' lang='lat' dir='ltr'>infi-</span> 
     </span>
     <span class='ocr_line' id='line_1_24' title="bbox 112 1361 1215 1414; baseline -0.001 -17"><span class='ocrx_word' id='word_1_173' title='bbox 112 1372 213 1408; x_wconf 89' lang='lat' dir='ltr'>mus,</span> <span class='ocrx_word' id='word_1_174' title='bbox 229 1363 561 1411; x_wconf 88' lang='lat' dir='ltr'>contemnendum,</span> <span class='ocrx_word' id='word_1_175' title='bbox 577 1362 871 1414; x_wconf 87' lang='lat' dir='ltr'>despiciendum,</span> <span class='ocrx_word' id='word_1_176' title='bbox 891 1361 1123 1399; x_wconf 84' lang='lat' dir='ltr'>irridendum</span> <span class='ocrx_word' id='word_1_177' title='bbox 1141 1373 1215 1410; x_wconf 89' lang='lat' dir='ltr'>pu-</span> 
     </span>
     <span class='ocr_line' id='line_1_25' title="bbox 112 1413 1215 1467; baseline -0.001 -17"><span class='ocrx_word' id='word_1_178' title='bbox 112 1419 209 1451; x_wconf 81' lang='lat' dir='ltr'>tares</span> <span class='ocrx_word' id='word_1_179' title='bbox 222 1417 239 1452; x_wconf 69' lang='lat'>,⁹</span> <span class='ocrx_word' id='word_1_180' title='bbox 269 1427 363 1453; x_wconf 90' lang='lat' dir='ltr'>num</span> <span class='ocrx_word' id='word_1_181' title='bbox 382 1429 511 1467; x_wconf 91' lang='lat' dir='ltr'>quem,</span> <span class='ocrx_word' id='word_1_182' title='bbox 531 1424 615 1467; x_wconf 90' lang='lat' dir='ltr'>post</span> <span class='ocrx_word' id='word_1_183' title='bbox 633 1418 779 1455; x_wconf 86' lang='lat' dir='ltr'>Urbem</span> <span class='ocrx_word' id='word_1_184' title='bbox 797 1415 1000 1461; x_wconf 88' lang='lat' dir='ltr'>conditam,</span> <span class='ocrx_word' id='word_1_185' title='bbox 1030 1413 1121 1451; x_wconf 82' lang='lat' dir='ltr'>scias</span> <span class='ocrx_word' id='word_1_186' title='bbox 1148 1413 1215 1450; x_wconf 89' lang='lat' dir='ltr'>tri-</span> 
     </span>
     <span class='ocr_line' id='line_1_26' title="bbox 113 1467 1214 1520; baseline -0.001 -16"><span class='ocrx_word' id='word_1_187' title='bbox 113 1467 262 1505; x_wconf 91' lang='lat' dir='ltr'>bunum</span> <span class='ocrx_word' id='word_1_188' title='bbox 286 1469 406 1519; x_wconf 89' lang='lat' dir='ltr'>plebis</span> <span class='ocrx_word' id='word_1_189' title='bbox 429 1469 546 1520; x_wconf 86' lang='lat' dir='ltr'>egisse</span> <span class='ocrx_word' id='word_1_190' title='bbox 570 1483 658 1507; x_wconf 88' lang='lat' dir='ltr'>cum</span> <span class='ocrx_word' id='word_1_191' title='bbox 686 1470 810 1520; x_wconf 87' lang='lat' dir='ltr'>plebe,</span> <span class='ocrx_word' id='word_1_192' title='bbox 830 1481 918 1506; x_wconf 90' lang='lat' dir='ltr'>cum</span> <span class='ocrx_word' id='word_1_193' title='bbox 938 1474 1120 1505; x_wconf 86' lang='lat' dir='ltr'>constaret</span> <span class='ocrx_word' id='word_1_194' title='bbox 1139 1479 1214 1503; x_wconf 85' lang='lat' dir='ltr'>ser-</span> 
     </span>
     <span class='ocr_line' id='line_1_27' title="bbox 114 1519 1214 1561; baseline -0.002 -4"><span class='ocrx_word' id='word_1_195' title='bbox 114 1526 340 1559; x_wconf 87' lang='lat' dir='ltr'>vatum.esse</span> <span class='ocrx_word' id='word_1_196' title='bbox 358 1522 405 1560; x_wconf 92' lang='lat' dir='ltr'>de</span> <span class='ocrx_word' id='word_1_197' title='bbox 423 1523 513 1561; x_wconf 91' lang='lat' dir='ltr'>coelo</span> <span class='ocrx_word' id='word_1_198' title='bbox 524 1523 542 1559; x_wconf 81' lang='lat'><strong>?</strong></span> <span class='ocrx_word' id='word_1_199' title='bbox 581 1523 705 1561; x_wconf 86' lang='lat' dir='ltr'>Simul</span> <span class='ocrx_word' id='word_1_200' title='bbox 724 1523 836 1560; x_wconf 85' lang='lat' dir='ltr'>etiam</span> <span class='ocrx_word' id='word_1_201' title='bbox 855 1521 951 1558; x_wconf 89' lang='lat' dir='ltr'>illud</span> <span class='ocrx_word' id='word_1_202' title='bbox 977 1520 1059 1557; x_wconf 93' lang='lat' dir='ltr'>volo</span> <span class='ocrx_word' id='word_1_203' title='bbox 1082 1519 1138 1556; x_wconf 92' lang='lat' dir='ltr'>uti</span> <span class='ocrx_word' id='word_1_204' title='bbox 1156 1531 1214 1556; x_wconf 88' lang='lat' dir='ltr'>re-</span> 
     </span>
     <span class='ocr_line' id='line_1_28' title="bbox 113 1572 1213 1626; baseline -0.003 -15"><span class='ocrx_word' id='word_1_205' title='bbox 113 1573 308 1622; x_wconf 87' lang='lat' dir='ltr'>spondeas,</span> <span class='ocrx_word' id='word_1_206' title='bbox 328 1587 429 1622; x_wconf 89' lang='lat' dir='ltr'>cum,</span> <span class='ocrx_word' id='word_1_207' title='bbox 450 1583 486 1613; x_wconf 84' lang='lat' dir='ltr'>te</span> <span class='ocrx_word' id='word_1_208' title='bbox 504 1576 655 1614; x_wconf 86' lang='lat' dir='ltr'>tribuno</span> <span class='ocrx_word' id='word_1_209' title='bbox 674 1576 807 1626; x_wconf 89' lang='lat' dir='ltr'>plebis,</span> <span class='ocrx_word' id='word_1_210' title='bbox 828 1581 921 1612; x_wconf 84' lang='lat' dir='ltr'>esset</span> <span class='ocrx_word' id='word_1_211' title='bbox 940 1573 1052 1611; x_wconf 86' lang='lat' dir='ltr'>etiam</span> <span class='ocrx_word' id='word_1_212' title='bbox 1072 1580 1155 1609; x_wconf 92' lang='lat' dir='ltr'>tum</span> <span class='ocrx_word' id='word_1_213' title='bbox 1173 1572 1213 1608; x_wconf 91' lang='lat' dir='ltr'>in</span> 
     </span>
     <span class='ocr_line' id='line_1_29' title="bbox 113 1627 1214 1679; baseline -0.001 -17"><span class='ocrx_word' id='word_1_214' title='bbox 113 1627 307 1675; x_wconf 64' lang='lat' dir='ltr'>republica</span> <span class='ocrx_word' id='word_1_215' title='bbox 323 1628 386 1665; x_wconf 85' lang='lat' dir='ltr'>lex</span> <span class='ocrx_word' id='word_1_216' title='bbox 405 1629 523 1675; x_wconf 83' lang='lat' dir='ltr'>AElia,</span> <span class='ocrx_word' id='word_1_217' title='bbox 537 1635 573 1666; x_wconf 87' lang='lat' dir='ltr'>et</span> <span class='ocrx_word' id='word_1_218' title='bbox 592 1629 704 1666; x_wconf 87' lang='lat' dir='ltr'>Fufia</span> <span class='ocrx_word' id='word_1_219' title='bbox 719 1631 821 1679; x_wconf 89' lang='lat' dir='ltr'>(quae</span> <span class='ocrx_word' id='word_1_220' title='bbox 839 1628 939 1677; x_wconf 84' lang='lat' dir='ltr'>leges</span> <span class='ocrx_word' id='word_1_221' title='bbox 959 1637 1214 1676; x_wconf 78' lang='lat' dir='ltr'>saepenumero</span> 
     </span>
     <span class='ocr_line' id='line_1_30' title="bbox 114 1678 1214 1731; baseline 0 -17"><span class='ocrx_word' id='word_1_222' title='bbox 114 1678 330 1717; x_wconf 90' lang='lat' dir='ltr'>tribunicios</span> <span class='ocrx_word' id='word_1_223' title='bbox 348 1680 491 1719; x_wconf 87' lang='lat' dir='ltr'>furores</span> <span class='ocrx_word' id='word_1_224' title='bbox 509 1682 754 1719; x_wconf 63' lang='lat' dir='ltr'>debilitarunt</span> <span class='ocrx_word' id='word_1_225' title='bbox 773 1689 810 1718; x_wconf 90' lang='lat' dir='ltr'>et</span> <span class='ocrx_word' id='word_1_226' title='bbox 823 1687 1106 1731; x_wconf 85' lang='lat' dir='ltr'>represserunt),</span> <span class='ocrx_word' id='word_1_227' title='bbox 1120 1690 1214 1728; x_wconf 86' lang='lat' dir='ltr'>quas</span> 
     </span>
     <span class='ocr_line' id='line_1_31' title="bbox 115 1733 1210 1785; baseline -0.001 -18"><span class='ocrx_word' id='word_1_228' title='bbox 115 1740 255 1778; x_wconf 65' lang='lat' dir='ltr'>contra,</span> <span class='ocrx_word' id='word_1_229' title='bbox 275 1739 408 1782; x_wconf 86' lang='lat' dir='ltr'>praeter</span> <span class='ocrx_word' id='word_1_230' title='bbox 427 1740 477 1781; x_wconf 86' lang='lat' dir='ltr'>te,</span> <span class='ocrx_word' id='word_1_231' title='bbox 498 1746 610 1771; x_wconf 90' lang='lat' dir='ltr'>nemo</span> <span class='ocrx_word' id='word_1_232' title='bbox 623 1747 794 1785; x_wconf 83' lang='lat' dir='ltr'>unquam</span> <span class='ocrx_word' id='word_1_233' title='bbox 813 1741 868 1770; x_wconf 87' lang='lat' dir='ltr'>est</span> <span class='ocrx_word' id='word_1_234' title='bbox 892 1733 1012 1769; x_wconf 88' lang='lat' dir='ltr'>facere</span> <span class='ocrx_word' id='word_1_235' title='bbox 1031 1738 1210 1774; x_wconf 84' lang='lat' dir='ltr'>conatus;</span> 
     </span>
     <span class='ocr_line' id='line_1_32' title="bbox 115 1783 1214 1837; baseline -0.001 -17"><span class='ocrx_word' id='word_1_236' title='bbox 115 1787 219 1834; x_wconf 85' lang='lat' dir='ltr'>(quae</span> <span class='ocrx_word' id='word_1_237' title='bbox 237 1785 390 1835; x_wconf 88' lang='lat' dir='ltr'>quidem</span> <span class='ocrx_word' id='word_1_238' title='bbox 414 1786 514 1836; x_wconf 87' lang='lat' dir='ltr'>leges</span> <span class='ocrx_word' id='word_1_239' title='bbox 535 1799 634 1823; x_wconf 87' lang='lat' dir='ltr'>anno</span> <span class='ocrx_word' id='word_1_240' title='bbox 655 1794 753 1837; x_wconf 88' lang='lat' dir='ltr'>post,</span> <span class='ocrx_word' id='word_1_241' title='bbox 778 1785 990 1824; x_wconf 87' lang='lat' dir='ltr'>sedentibus</span> <span class='ocrx_word' id='word_1_242' title='bbox 1013 1784 1053 1820; x_wconf 86' lang='lat' dir='ltr'>in</span> <span class='ocrx_word' id='word_1_243' title='bbox 1073 1783 1214 1833; x_wconf 87' lang='lat' dir='ltr'>templo</span> 
     </span>
     <span class='ocr_line' id='line_1_33' title="bbox 113 1835 1215 1889; baseline -0.002 -16"><span class='ocrx_word' id='word_1_244' title='bbox 113 1836 274 1883; x_wconf 89' lang='lat' dir='ltr'>duobus,</span> <span class='ocrx_word' id='word_1_245' title='bbox 295 1849 370 1874; x_wconf 88' lang='lat' dir='ltr'>non</span> <span class='ocrx_word' id='word_1_246' title='bbox 389 1839 618 1886; x_wconf 89' lang='lat' dir='ltr'>consulibus,</span> <span class='ocrx_word' id='word_1_247' title='bbox 639 1839 702 1877; x_wconf 91' lang='lat' dir='ltr'>sed</span> <span class='ocrx_word' id='word_1_248' title='bbox 720 1839 970 1889; x_wconf 87' lang='lat' dir='ltr'>proditoribus</span> <span class='ocrx_word' id='word_1_249' title='bbox 991 1837 1104 1884; x_wconf 91' lang='lat' dir='ltr'>hujus</span> <span class='ocrx_word' id='word_1_250' title='bbox 1125 1835 1215 1872; x_wconf 82' lang='lat' dir='ltr'>civi-</span> 
     </span>
     <span class='ocr_line' id='line_1_34' title="bbox 116 1887 1216 1942; baseline -0.001 -17"><span class='ocrx_word' id='word_1_251' title='bbox 116 1889 200 1926; x_wconf 75' lang='lat' dir='ltr'>tatis</span> <span class='ocrx_word' id='word_1_252' title='bbox 219 1902 260 1928; x_wconf 87' lang='lat' dir='ltr'>ac</span> <span class='ocrx_word' id='word_1_253' title='bbox 279 1890 459 1940; x_wconf 82' lang='lat' dir='ltr'>pestibus,</span> <span class='ocrx_word' id='word_1_254' title='bbox 480 1892 558 1929; x_wconf 63' lang='lat' dir='ltr'>una</span> <span class='ocrx_word' id='word_1_255' title='bbox 576 1905 663 1930; x_wconf 93' lang='lat' dir='ltr'>cum</span> <span class='ocrx_word' id='word_1_256' title='bbox 674 1891 861 1942; x_wconf 85' lang='lat' dir='ltr'>auspiciis,</span> <span class='ocrx_word' id='word_1_257' title='bbox 882 1903 969 1927; x_wconf 90' lang='lat' dir='ltr'>cum</span> <span class='ocrx_word' id='word_1_258' title='bbox 988 1887 1216 1926; x_wconf 85' lang='lat' dir='ltr'>intercessio-</span> 
     </span>
     <span class='ocr_line' id='line_1_35' title="bbox 113 1942 1213 1995; baseline 0 -17"><span class='ocrx_word' id='word_1_259' title='bbox 113 1942 240 1987; x_wconf 87' lang='lat' dir='ltr'>nibus,</span> <span class='ocrx_word' id='word_1_260' title='bbox 261 1955 347 1980; x_wconf 88' lang='lat' dir='ltr'>cum</span> <span class='ocrx_word' id='word_1_261' title='bbox 366 1943 471 1980; x_wconf 89' lang='lat' dir='ltr'>omni</span> <span class='ocrx_word' id='word_1_262' title='bbox 496 1945 580 1993; x_wconf 90' lang='lat' dir='ltr'>jure</span> <span class='ocrx_word' id='word_1_263' title='bbox 598 1945 763 1995; x_wconf 90' lang='lat' dir='ltr'>publico,</span> <span class='ocrx_word' id='word_1_264' title='bbox 790 1943 1129 1992; x_wconf 79' lang='lat' dir='ltr'>conflagraverunt)</span> <span class='ocrx_word' id='word_1_265' title='bbox 1154 1953 1213 1978; x_wconf 89' lang='lat' dir='ltr'>ec-</span> 
     </span>
     <span class='ocr_line' id='line_1_36' title="bbox 115 1995 1213 2047; baseline -0.001 -16"><span class='ocrx_word' id='word_1_266' title='bbox 115 1995 267 2044; x_wconf 87' lang='lat' dir='ltr'>quando</span> <span class='ocrx_word' id='word_1_267' title='bbox 284 1995 479 2043; x_wconf 65' lang='lat' dir='ltr'>dubitaris,</span> <span class='ocrx_word' id='word_1_268' title='bbox 500 2006 627 2035; x_wconf 86' lang='lat' dir='ltr'>contra</span> <span class='ocrx_word' id='word_1_269' title='bbox 648 2010 709 2035; x_wconf 87' lang='lat' dir='ltr'>eas</span> <span class='ocrx_word' id='word_1_270' title='bbox 729 1998 842 2047; x_wconf 81' lang='lat' dir='ltr'>legeS,</span> <span class='ocrx_word' id='word_1_271' title='bbox 863 2008 949 2032; x_wconf 87' lang='lat' dir='ltr'>eum</span> <span class='ocrx_word' id='word_1_272' title='bbox 968 1995 1077 2044; x_wconf 89' lang='lat' dir='ltr'>plebe</span> <span class='ocrx_word' id='word_1_273' title='bbox 1091 2006 1213 2044; x_wconf 85' lang='lat' dir='ltr'>agere,</span> 
     </span>
     <span class='ocr_line' id='line_1_37' title="bbox 114 2046 1216 2100; baseline -0.001 -16"><span class='ocrx_word' id='word_1_274' title='bbox 114 2055 152 2084; x_wconf 87' lang='lat' dir='ltr'>et</span> <span class='ocrx_word' id='word_1_275' title='bbox 164 2048 363 2086; x_wconf 87' lang='lat' dir='ltr'>concilium</span> <span class='ocrx_word' id='word_1_276' title='bbox 377 2053 603 2088; x_wconf 85' lang='lat' dir='ltr'>convocare?</span> <span class='ocrx_word' id='word_1_277' title='bbox 630 2063 724 2088; x_wconf 92' lang='lat' dir='ltr'>num</span> <span class='ocrx_word' id='word_1_278' title='bbox 749 2061 863 2100; x_wconf 92' lang='lat' dir='ltr'>quem</span> <span class='ocrx_word' id='word_1_279' title='bbox 883 2060 930 2084; x_wconf 86' lang='lat' dir='ltr'>ex</span> <span class='ocrx_word' id='word_1_280' title='bbox 955 2046 1115 2084; x_wconf 86' lang='lat' dir='ltr'>tribunis</span> <span class='ocrx_word' id='word_1_281' title='bbox 1133 2046 1216 2096; x_wconf 83' lang='lat' dir='ltr'>ple-</span> 
     </span>
     <span class='ocr_line' id='line_1_38' title="bbox 112 2099 1214 2153; baseline -0.001 -17"><span class='ocrx_word' id='word_1_282' title='bbox 112 2100 184 2147; x_wconf 91' lang='lat' dir='ltr'>bis,</span> <span class='ocrx_word' id='word_1_283' title='bbox 205 2101 436 2153; x_wconf 86' lang='lat' dir='ltr'>quicumque</span> <span class='ocrx_word' id='word_1_284' title='bbox 449 2102 613 2141; x_wconf 83' lang='lat' dir='ltr'>seditiosi</span> <span class='ocrx_word' id='word_1_285' title='bbox 629 2103 782 2150; x_wconf 84' lang='lat' dir='ltr'>fuerint,</span> <span class='ocrx_word' id='word_1_286' title='bbox 795 2109 873 2139; x_wconf 86' lang='lat' dir='ltr'>tam</span> <span class='ocrx_word' id='word_1_287' title='bbox 889 2100 1070 2137; x_wconf 89' lang='lat' dir='ltr'>audacem</span> <span class='ocrx_word' id='word_1_288' title='bbox 1085 2099 1214 2136; x_wconf 85' lang='lat' dir='ltr'>audie-</span> 
     </span>
     <span class='ocr_line' id='line_1_39' title="bbox 114 2152 1213 2206; baseline 0 -16"><span class='ocrx_word' id='word_1_289' title='bbox 114 2153 164 2190; x_wconf 88' lang='lat' dir='ltr'>ris</span> <span class='ocrx_word' id='word_1_290' title='bbox 174 2152 302 2202; x_wconf 86' lang='lat' dir='ltr'>fuisse,</span> <span class='ocrx_word' id='word_1_291' title='bbox 315 2162 360 2192; x_wconf 84' lang='lat' dir='ltr'>ut</span> <span class='ocrx_word' id='word_1_292' title='bbox 370 2166 541 2205; x_wconf 84' lang='lat' dir='ltr'>unquam</span> <span class='ocrx_word' id='word_1_293' title='bbox 552 2164 680 2196; x_wconf 82' lang='lat' dir='ltr'>contra</span> <span class='ocrx_word' id='word_1_294' title='bbox 692 2156 816 2206; x_wconf 85' lang='lat' dir='ltr'>legem</span> <span class='ocrx_word' id='word_1_295' title='bbox 824 2153 970 2192; x_wconf 83' lang='lat' dir='ltr'>AEliam</span> <span class='ocrx_word' id='word_1_296' title='bbox 982 2160 1048 2190; x_wconf 90' lang='lat' dir='ltr'>aut</span> <span class='ocrx_word' id='word_1_297' title='bbox 1063 2152 1213 2192; x_wconf 87' lang='lat' dir='ltr'>Fufiam</span> 
     </span>
     <span class='ocr_line' id='line_1_40' title="bbox 113 2205 560 2248; baseline 0.011 -6"><span class='ocrx_word' id='word_1_298' title='bbox 113 2205 313 2244; x_wconf 88' lang='lat' dir='ltr'>concilium</span> <span class='ocrx_word' id='word_1_299' title='bbox 333 2207 560 2248; x_wconf 82' lang='lat' dir='ltr'>advocaret?</span> 
     </span>
    </p>
   </div>
  </div>
 </body>
</html>
