1455 2343
214 81 293 120 296
480 79 594 119 PRO
625 79 850 119 SEXTIO.
881 81 985 119 CM».
1008 82 1072 118 38.

216 188 256 225 in
277 189 468 239 templum
489 188 654 227 Castoris
671 204 680 226 ε
703 188 945 227 obnuntiavit
956 189 1122 227 consuli:
1146 202 1233 227 cum
1249 192 1340 229 sub-

212 242 267 279 ito
297 254 436 280 manus
465 242 532 280 illa
557 242 757 291 Clodiana,
782 243 822 280 in
846 243 947 281 caede
972 242 1114 281 civium
1142 257 1241 294 saepe
1256 245 1338 293 jam

213 295 363 343 victrix,
381 296 583 344 exclamat,
604 296 796 344 incitatur,
816 296 985 334 invadit:
1017 297 1202 335 inermem
1221 305 1337 348 atque

212 349 447 400 imparatum
466 350 664 388 tribunum
677 350 742 388 alii
753 350 889 402 gladiis
902 350 1140 398 adoriuntur,
1156 351 1221 388 alii
1233 351 1336 402 frag-

214 403 352 442 mentis
379 411 572 455 septorum
597 412 634 442 et
659 404 848 443 fustibus:
884 418 907 442 a
932 405 1072 456 quibus
1100 404 1176 453 hic,
1202 405 1336 444 multis

210 457 432 496 vulneribus
451 458 627 509 acceptis,
644 471 687 496 ac
705 458 900 496 debilitato
919 471 1072 510 corpore
1092 466 1129 496 ct
1143 458 1333 496 contruci-

209 511 312 559 dato,
333 524 373 549 se
391 512 528 561 abjecit
547 511 810 550 exanimatus:
841 524 964 563 neque
982 512 1064 550 ulla
1082 511 1158 550 alia
1171 525 1211 550 re
1230 514 1278 550 ab
1291 526 1330 552 se

207 572 385 612 mortem,
412 566 485 603 nisi
507 566 685 616 opinione
712 566 859 612 mortis,
885 565 1044 617 depulit.
1082 565 1212 613 Quem
1241 579 1330 604 cum

206 619 396 667 jacentem
423 627 460 657 et
484 619 679 657 concisum
700 619 877 670 plurimis
896 618 1131 665 vulneribus,
1159 626 1330 657 extremo

207 672 358 723 spiritu,
372 686 607 724 exsanguem
626 680 663 711 et
681 673 910 720 confectum,
926 673 1097 711 viderent
1111 687 1124 718 ε,
1145 672 1330 724 defatiga-

209 726 311 764 tione
340 726 463 778 magis
490 734 527 764 et
553 740 688 773 errore,
710 740 828 778 quam
854 726 1111 765 misericordia
1138 733 1175 764 et
1200 726 1329 774 modo,

207 780 414 831 aliquando
433 780 574 819 caedere
592 781 829 819 destiterunt.

262 835 317 872 Et
347 847 501 872 causam
530 834 622 872 dicit
648 835 801 873 Sextius
825 835 873 873 de
891 835 962 874 vi?
992 833 1100 882 Quid
1124 834 1210 872 ita?
1239 834 1331 886 quia

207 888 311 926 vivit.
341 888 401 926 At
418 888 458 926 id
478 901 554 926 non
574 889 644 926 sua
669 889 783 940 culpa
800 903 810 927 ε
840 890 956 940 plaga
973 901 1051 926 una
1070 888 1138 926 illa
1156 895 1328 926 extrema

206 941 354 989 defuit;
385 956 471 994 quae
491 942 522 980 si
541 942 764 990 accessisset,
785 943 978 995 reliquum
992 942 1170 994 spiritum
1185 941 1324 980 exhau-

205 995 323 1034 sisset.
352 996 506 1034 Accusa
519 996 764 1034 Lentidium.
787 1009 864 1035 non
875 996 1060 1049 percussit
1073 997 1227 1034 locum:
1247 1009 1331 1034 ma-

206 1050 357 1088 ledicito
376 1050 546 1098 Sabinio,
559 1050 707 1088 homini
719 1051 897 1099 Reatino,
911 1064 978 1089 cur
990 1057 1069 1088 tam
1083 1048 1246 1099 tempori
1264 1063 1331 1088 ex-

209 1104 384 1142 clamarit
402 1105 592 1142 occisum:
622 1104 750 1155 ipsum
775 1118 864 1143 vero
889 1104 985 1156 quid
1002 1105 1187 1143 accusas?
1217 1103 1328 1142 Num

208 1157 332 1196 defuit
350 1158 486 1208 gladiis
503 1160 520 1196 Ρ
541 1171 637 1196 num
652 1158 909 1209 repugnavit?
941 1159 1066 1206 Num,
1082 1164 1127 1196 ut
1143 1157 1330 1207 gladiato-

207 1211 312 1250 ribus
327 1212 507 1262 imperari
521 1213 627 1259 solet,
647 1212 792 1250 ferrum
810 1225 887 1250 non
907 1212 1077 1263 recepit?

260 1265 513 1304 XXXVIII.
533 1267 602 1303 An
616 1266 697 1304 haec
711 1266 793 1317 ipsa
805 1266 860 1304 vis
876 1273 945 1314 est,
961 1278 1038 1303 non
1057 1278 1166 1316 posse
1180 1265 1327 1304 emori?

206 1331 256 1356 an
268 1319 348 1366 illa,
363 1319 468 1369 quod
481 1319 658 1357 tribunus
670 1320 792 1370 plebis
805 1320 994 1371 templum
1006 1319 1217 1357 cruentavit
1230 1321 1247 1358 ?
1262 1331 1327 1366 an,

205 1372 324 1423 quod,
341 1386 429 1410 eum
449 1380 544 1410 esset
562 1373 725 1420 ablatus,
746 1373 993 1424 primumque
1005 1372 1235 1424 resipuisset,
1251 1384 1328 1411 non

207 1439 246 1464 se
264 1426 394 1464 referri
403 1426 549 1475 jussit?
570 1427 651 1465 Ubi
664 1434 719 1464 est
731 1427 888 1474 crimen,
905 1426 1010 1487 quod
1022 1425 1327 1477 reprehenditis?

208 1480 288 1518 Hic
307 1493 450 1531 quaero,
464 1480 624 1529 judices,
646 1481 677 1518 si
695 1480 761 1518 illo
780 1480 841 1518 die
859 1493 951 1531 gens
966 1480 1038 1518 ista
1058 1480 1207 1528 Clodia,
1224 1480 1328 1531 quod

205 1533 326 1571 facere
345 1534 478 1579 voluit,
501 1533 707 1579 effecisset3
737 1534 770 1572 si
788 1535 834 1572 Ρ.
856 1534 1023 1581 Sextius,
1037 1533 1105 1585 qui
1123 1546 1191 1585 pro
1209 1533 1330 1572 occiso

204 1587 355 1625 relictus
385 1595 454 1633 est,
481 1587 624 1626 occisus
647 1598 767 1632 esset:
797 1588 972 1626 fuistisne
996 1587 1045 1625 ad
1068 1600 1177 1625 arma
1203 1587 1326 1626 ituri?

204 1640 377 1679 fuistisne
396 1654 461 1679 vos
476 1641 525 1679 ad
537 1641 705 1692 patrium
720 1642 834 1679 illum
853 1641 1041 1688 animum,
1057 1642 1326 1692 majorumque

204 1695 400 1742 virtutem,
427 1695 656 1734 excitaturi?
686 1695 860 1734 fuistisne
885 1694 1091 1746 aliquando
1115 1694 1327 1746 rempubli-

203 1760 288 1786 cam
302 1762 325 1786 a
336 1749 485 1786 funesto
499 1749 646 1787 latrone
660 1749 858 1799 repetituri
873 1752 889 1788 ζ)
903 1762 953 1787 an
969 1749 1083 1787 etiam
1096 1755 1187 1787 tunc
1199 1748 1327 1800 quies-

205 1802 350 1848 ceretis,
378 1802 664 1848 cunctaremini,
686 1803 882 1849 timeretis,
906 1816 995 1841 cum
1010 1802 1286 1854 rempublicam
1304 1815 1328 1840 a

206 1856 530 1894 facinorosissimis
550 1856 688 1895 sicariis
709 1864 745 1894 et
763 1870 785 1894 a
805 1857 918 1895 servis
937 1869 1015 1895 esse
1033 1868 1251 1907 oppressam
1270 1863 1328 1894 at-

203 1923 279 1961 que
297 1917 519 1960 occupatam
537 1910 713 1948 videretis
730 1913 747 1948 ’ἓ
787 1911 910 1960 Cujus
935 1910 1052 1961 igitur
1076 1917 1239 1947 mortem
1263 1910 1326 1947 ul-

203 1964 449 2011 cisceremini,
469 1963 655 2014 siquidem
670 1964 780 2002 liberi
799 1977 892 2012 esse,
907 1971 944 2002 et
961 1965 1100 2002 habere
1113 1962 1326 2014 rempubli-

204 2030 304 2064 cam,
325 2017 562 2068 cogitareti53
592 2017 639 2055 de
657 2019 739 2068 ejus
758 2017 898 2056 virtute
917 2017 988 2056 viri
1006 2016 1100 2068 quid
1119 2030 1184 2055 vos
1201 2016 1324 2068 loqui,

205 2071 300 2122 quid
328 2071 478 2119 sentire,
499 2070 594 2123 quid.
621 2072 798 2122 cogitare,
829 2071 923 2123 quid
944 2071 1115 2121 judicare
1139 2078 1324 2122 oporteat,

209 2124 465 2163 dubitandum
485 2124 627 2176 putatis
642 2129 659 2164 ἓ

254 2178 313 2218 At
327 2192 414 2217 vero
425 2179 481 2217 illi
500 2179 572 2230 ipsi
592 2179 801 2231 parricidae,
821 2192 986 2231 quorum
1002 2178 1206 2218 effrenatus
1220 2177 1325 2217 furor
