1455 2343
163 89 243 125 382
302 87 379 126 DE
410 88 681 129 PROVINC.
711 90 949 131 CONSUL.
979 92 1084 131 CAP.
1107 94 1143 129 5.

163 195 344 245 Byzantii
358 209 405 235 ex
420 198 591 237 maximo
602 210 760 238 numero
772 201 925 238 nullum
937 200 1130 238 haberent.
1154 196 1273 246 Quod

162 247 299 286 fanum
318 250 358 288 in
377 251 543 300 Achaia,
561 253 628 304 qui
646 253 751 291 locus
766 262 832 292 aut
851 253 961 292 lucus
973 254 1014 291 in
1030 251 1178 291 Graecia
1195 250 1277 289 tot'a

162 307 242 339 tam
261 312 413 343 sanctus
431 305 518 352 fuit,
543 305 582 343 in
608 320 685 358 quo
710 308 836 345 ullum
865 308 1127 353 simulacrum,
1147 305 1273 365 ullum

161 366 443 406 ornamentum,
464 360 656 410 reliquum
675 361 754 399 sit?
784 362 924 399 Emisti
943 375 966 399 a
983 361 1188 399 foedissimo
1207 365 1274 396 tn-

160 409 265 448 buno
283 412 419 462 plebis,
435 420 519 451 tum
534 414 574 451 in
593 414 658 452 illo
671 414 870 465 naufragio
881 415 997 464 hujus
1017 415 1135 460 urbis,
1152 424 1271 465 quam

161 469 203 501 tu
229 463 346 513 idem,
373 466 441 517 qui
466 469 677 517 gubernare
705 468 902 516 debueras,
933 475 1140 511 everteras-3
1171 474 1271 511 tum,

160 515 334 568 inquam,
355 521 479 558 emisti
508 522 644 571 grandi
666 522 841 572 pecunia,
865 529 910 559 ut
931 521 1015 570 tibi,
1039 521 1086 558 de
1103 519 1273 571 pecuniis

160 571 324 621 creditis,
353 575 417 622 jus
442 574 483 612 in
511 575 647 613 liberos
676 576 837 626 populos
860 583 990 614 contra
1014 577 1272 613 senatus-con·

160 624 320 674 saltum,
342 635 378 664 et
396 634 525 665 contra
538 629 663 679 legem
681 630 808 680 generi
828 630 898 677 tui,
915 629 1038 667 dicere
1055 629 1194 666 liceret.
1212 625 1274 664 -Id

159 686 308 717 emtum
327 680 381 718 ita
398 681 613 730 vendidisti,
630 690 674 720 ut
692 690 758 721 aut
774 684 837 733 jus
855 695 932 721 non
951 683 1106 731 diceres,
1121 688 1189 720 aut
1205 681 1274 719 bo-

160 731 219 769 nis
238 733 335 771 cives
354 735 552 774 Romanos
571 743 763 776 everteres.

215 786 395 834 Quorum
423 802 492 839 ego
511 790 608 827 nihil
627 803 743 838 nunc,
769 798 893 842 patres
911 789 1187 842 conscripti„in
1205 788 1277 826 ho-

159 838 305 877 minem
324 841 477 892 ipsum3
508 842 555 881 de
584 844 778 894 provincia
797 846 960 896 disputo.
990 845 1130 896 Itaque
1147 841 1277 902 omnia

158 891 240 940 illa,
261 907 348 944 quae
366 902 403 933 et
421 909 519 948 saepe
540 898 714 945 audistis,
731 905 768 936 et
786 899 919 937 tenetis
938 898 1089 945 animis,
1110 897 1225 936 etiam
1244 908 1276 933 Sl

158 957 236 984 non
256 949 432 996 audiatis,
454 952 725 1001 praetermitto:
756 953 854 990 nihil
868 952 915 991 de
928 953 1000 990 hac
1011 953 1094 999 ejus
1112 948 1274 994 urbana,

157 1012 278 1050 quam
297 1002 362 1040 ille
379 1017 544 1054 praesens
565 1005 606 1042 in
625 1006 744 1043 oculis
769 1006 901 1044 vestris
923 1006 1193 1055 mentibusque
1211 1003 1277 1041 de-

159 1053 258 1101 fixit,
290 1056 450 1095 audacia
478 1058 638 1109 loquor:
669 1059 766 1096 nihil
799 1060 847 1098 de
878 1059 1068 1111 superbia,
1103 1057 1201 1096 nihil
1222 1056 1276 1094 'de

159 1110 412 1155 contumacia„
426 1111 524 1148 nihil
535 1112 582 1150 de
594 1112 814 1151 crudelitate
827 1113 990 1165 disputo.
1011 1113 1176 1151 Lateant
1188 1110 1276 1148 libi-

157 1160 266 1200 dines
285 1164 367 1212 ejus
385 1165 461 1202 illae
479 1166 734 1214 tenebricosae,
748 1180 843 1218 quas
860 1167 985 1205 fronte
1004 1174 1041 1205 et
1059 1164 1273 1217 supercilio,

158 1225 235 1252 non
250 1217 396 1267 pudore
410 1226 446 1256 et
458 1220 722 1269 temperantia,
737 1223 981 1271 contegebat:
1005 1220 1051 1258 de
1062 1218 1271 1271 provincia..

158 1269 262 1318 quod
280 1271 419 1320 agitur,
446 1272 486 1309 id
504 1272 670 1323 disputo.
700 1274 807 1312 Huic
826 1287 891 1312 vos
915 1287 992 1313 non
1011 1272 1240 1312 submittetis
1253 1273 1272 1308 Ρ

156 1320 260 1360 hunc
274 1323 417 1362 diutius
429 1337 582 1364 manere
592 1327 792 1377 patiemini
806 1330 822 1365 ἓ
847 1329 969 1377 cujus,
984 1335 1027 1365 ut
1039 1325 1272 1378 provinciam

157 1375 294 1426 tetigit,
315 1377 368 1415 sic
381 1378 534 1416 fortuna
549 1392 637 1417 cum
651 1381 894 1432 improbitate
912 1382 1080 1428 certavit,
1101 1387 1145 1417 ut
1158 1390 1272 1417 nemo

155 1436 295 1479 posset,
316 1438 447 1469 utrum
465 1433 646 1483 posterior
663 1447 713 1471 an
732 1434 916 1472 infelicior
933 1441 1042 1481 esset,
1059 1433 1240 1482 judicare.

209 1482 278 1520 An
298 1497 384 1522 vero
412 1485 452 1522 in
473 1486 583 1537 Syria
608 1487 752 1525 diutius
774 1495 829 1525 est
851 1488 1071 1526 Semiramis
1099 1487 1165 1525 illa
1183 1486 1271 1524 reti·

156 1536 312 1575 nenda?
342 1539 450 1587 cujus
475 1539 547 1578 iter
571 1540 611 1577 in
636 1541 870 1591 provinciam
898 1541 972 1580 fuit
997 1540 1199 1591 ejusmodi,
1226 1546 1271 1577 ut

156 1601 225 1627 rex
253 1591 532 1631 Ariobarzanes
557 1595 752 1632 consulem
782 1602 950 1634 vestrum
971 1595 1021 1633 ad
1046 1594 1190 1633 caedem
1213 1593 1272 1631 fa-

156 1642 344 1693 ciendam,
375 1653 576 1698 tamquam
606 1648 774 1699 aliquem
803 1649 1009 1696 Thracem,
1034 1648 1270 1688 conduceret.

156 1695 309 1736 Deinde
327 1698 512 1739 adventus
530 1701 569 1739 in
597 1702 749 1753 Syriam
767 1702 915 1754 primus
934 1703 1124 1754 equitatus
1137 1700 1274 1740 habuit

154 1749 352 1790 interitum
366 1767 377 1791 =
405 1761 491 1805 post
501 1755 659 1793 concisae
674 1763 763 1794 sunt
774 1756 929 1808 optimae
941 1756 1123 1795 eohortae.
1148 1755 1274 1806 Igitur

155 1803 197 1841 in
216 1805 342 1856 Syria,
362 1805 588 1858 imperatore
613 1809 693 1857 illo,
714 1810 811 1848 nihil
836 1810 942 1848 aliud
960 1817 1088 1848 actum
1107 1816 1176 1857 est,
1199 1807 1272 1847 nisi

155 1859 348 1908 pactiones
366 1862 614 1911 pecuniarum
638 1876 727 1901 cum
756 1864 944 1915 tyrannis,
965 1864 1182 1909 decisioneS,
1213 1862 1272 1900 di-

155 1912 356 1962 reptiones,
377 1915 586 1964 latrocinia,
608 1917 725 1956 caedes
742 1931 754 1962 3
784 1930 873 1956 cum
891 1918 1020 1969 palam
1038 1917 1172 1969 populi
1191 1916 1272 1955 Ro-

155 1966 261 2003 mani
279 1967 497 2018 imperator,
518 1969 700 2008 instructo
713 1972 894 2019 exercitu,
909 1971 1086 2010 dextram
1100 1970 1272 2018 tendens,

155 2030 233 2057 non
252 2020 301 2057 ad
319 2021 475 2061 laudem
503 2024 642 2062 milites
661 2024 889 2075 hortaretur,
909 2025 976 2064 sed
998 2024 1129 2063 omnia
1146 2024 1217 2063 sibi
1236 2030 1274 2062 et

157 2079 260 2111 emta
278 2081 315 2112 et
334 2076 494 2114 emenda
513 2090 591 2116 esse
609 2079 800 2117 clamaret.

209 2127 259 2165 V.
289 2128 319 2166 J
321 2141 385 2166 am
403 2143 491 2168 vero
508 2132 730 2182 publicanos
743 2132 903 2171 miseros
923 2135 1003 2177 (me
1022 2132 1138 2171 etiam
1157 2131 1272 2170 mise·

155 2191 256 2231 rum,
270 2180 424 2221 illorum
437 2183 492 2222 ita
503 2185 550 2223 de
561 2198 624 2224 me
631 2186 855 2226 meritorum
867 2186 1028 2227 miseriis
1042 2199 1085 2226 ac
1099 2185 1228 2225 dolore
1241 2184 1275 2231 1)
