1425 2334
320 96 435 137 PRO
464 96 700 137 FLACCO.
730 98 836 137 CAP.
868 97 931 136 15.
1135 97 1182 135 15

77 201 252 243 auditum
263 203 357 255 quid
368 211 464 243 esset
474 204 521 243 de
531 204 784 256 praedonibus,
795 217 912 256 quam
924 204 1037 243 vellet
1048 203 1186 251 subito,

78 267 119 294 se
130 256 285 295 classem
301 265 620 308 comparaturum.
642 258 821 309 Denique
832 259 902 296 hoc
914 258 1061 309 primus
1072 257 1187 295 frater

79 320 189 348 meus
205 310 246 348 in
263 311 362 349 Asia
380 311 481 358 fecit,
500 319 545 349 ut
568 312 639 350 hoc
657 319 786 350 sumtu
805 312 994 362 remigum
1020 311 1188 348 civitates

80 361 243 402 levaret:
274 364 416 403 crimen
435 372 562 402 autem
574 372 658 406 tum
677 365 794 403 videri
813 365 921 412 solet,
942 378 1028 403 cum
1048 364 1186 415 aliquis

81 425 234 455 sumtus
261 417 426 456 instituit
458 431 533 465 eos,
564 419 632 469 qui
657 426 767 456 antea
785 431 859 455 non
881 426 986 456 erant
1008 417 1188 465 instituti,

79 480 156 507 non
175 483 263 508 cum
283 484 469 510 successor
480 472 625 523 aliquid
643 472 823 510 immutat
835 472 881 510 de
893 471 1074 509 institutis
1087 471 1189 521 prio-

79 534 179 560 rum.
220 524 391 571 Flaccus,
424 525 516 576 quid
540 525 605 562 alii
633 534 761 576 postea
786 525 922 563 facturi
941 531 1075 573 essent,
1097 524 1190 561 scire

80 586 154 614 non
175 586 347 627 poterat:
378 578 472 630 quid
491 579 676 625 fecissent,
698 579 860 617 videbat.

135 629 229 669 XV.
259 631 348 674 Sed,
368 632 549 682 quoniam
569 633 616 670 de
634 633 828 670 communi
847 632 962 670 totius
989 630 1096 669 Asiae
1119 629 1194 668 cri-

81 682 186 722 mine
199 684 344 723 dictum
359 692 427 731 est,
448 686 644 736 aggrediar
659 687 739 735 jam
756 686 803 723 ad
819 686 988 736 singulas
1000 684 1187 722 civitates:

82 748 130 774 ex
149 738 288 788 quibus
316 738 363 776 sit
381 750 469 776 sane
491 739 600 777 nobis
627 740 752 790 prima
770 739 900 777 civitas
926 737 1190 776 Acmonensis.

82 789 185 828 Citat
202 805 324 842 praeco
338 805 427 830 voce
445 793 616 830 maxima
634 794 776 843 legatos
795 793 1066 830 Acmonenses.
1097 790 1192 828 Pro-

81 843 179 882 cedit
197 857 297 883 unus
316 845 573 896 Asclepiades.
613 846 813 884 Prodeant.
854 845 1034 884 Etiamne
1051 856 1192 895 praeco-

80 908 170 934 nem
189 898 341 936 mentiri
360 899 542 949 co'e‘gisti?
571 909 625 937 est
640 899 756 945 enim,
777 899 900 944 credo,
920 898 952 936 is
972 897 1028 936 vir
1046 898 1128 943 iste,
1149 903 1194 934 ut

82 949 242 989 civitatis
267 964 404 990 nomen
431 953 499 990 sua
523 953 743 990 auctoritate
768 952 963 999 sustineat,
990 951 1193 988 damnatus

82 1004 311 1054 turpissimis
328 1005 479 1054 judiciis
491 1005 607 1051 domi,
629 1013 778 1043 notatus
789 1005 907 1042 literis
918 1004 1105 1056 publicis:
1128 1016 1194 1041 cu-

79 1056 145 1104 jus
163 1057 210 1095 de
228 1058 388 1109 probris,
409 1058 617 1106 adulteriis,
638 1072 680 1097 ac
699 1059 854 1108 stupris,
875 1065 1024 1096 exstant
1048 1057 1195 1094 Acmo-

82 1111 258 1149 nensium
277 1112 419 1156 literae3
450 1124 544 1162 quas
564 1125 646 1163 ego,
667 1124 743 1149 non
763 1111 886 1149 solum
906 1118 1059 1161 propter
1072 1109 1196 1160 longi-

82 1163 271 1211 tudinem,
292 1165 357 1203 sed
376 1165 490 1202 etiam
509 1173 662 1216 propter
690 1164 948 1215 turpissimam
974 1163 1195 1201 obscoenita-

82 1222 162 1254 tem
174 1219 389 1265 verborum,
399 1218 678 1268 praetereundas
692 1226 797 1268 puto.
820 1218 932 1255 Dixit
943 1217 1094 1268 publice
1105 1216 1195 1253 data

84 1269 354 1309 drachmarum
373 1271 505 1309 CCVI
523 1271 658 1309 millia.
689 1271 802 1308 Dixit
820 1278 993 1309 tantum:
1024 1269 1121 1307 nihil
1135 1282 1195 1307 os-

85 1323 220 1371 tendit,
249 1324 347 1362 nihil
378 1324 560 1375 protulit:
591 1325 656 1363 sed
679 1324 855 1373 adjunxit
884 1324 937 1370 id,
968 1323 1071 1374 quod
1096 1329 1195 1362 certe

86 1378 286 1428 (quoniam
305 1384 385 1416 erat
403 1378 668 1424 domesticum)
689 1378 819 1416 docere
839 1377 983 1424 debuit,
1014 1389 1053 1414 se
1070 1376 1197 1427 priva-

86 1430 158 1469 tim
169 1431 437 1470 drachmarum
450 1431 581 1470 CCVI
594 1432 716 1469 millia
727 1431 883 1469 dedisse.
913 1431 1116 1477 Quantum
1125 1428 1198 1467 sibi

88 1485 260 1523 ablatum
278 1484 394 1522 homo
413 1485 766 1536 impudentissimus
790 1485 894 1533 dicit,
915 1491 1067 1521 tantum
1094 1495 1197 1521 nun-

87 1550 206 1589 quam
225 1545 281 1576 est
295 1550 422 1583 ausus,
441 1546 486 1576 ut
503 1539 671 1584 haberet,
692 1547 833 1588 optare.

142 1593 211 1630 Ab
229 1592 283 1630 A.
303 1591 462 1630 Sextilio
481 1591 571 1629 dicit
590 1605 628 1630 se
642 1592 802 1639 dedisse,
824 1598 861 1629 et
874 1604 897 1628 a
915 1589 991 1629 suis
1002 1590 1197 1628 fratribus.

89 1645 222 1683 Potuit
240 1644 329 1682 dare
347 1645 552 1682 Sextilius:
583 1657 673 1682 nam
684 1645 817 1682 fratres
837 1644 990 1695 quidem
1010 1650 1198 1682 consortes

89 1705 179 1736 sunt
195 1697 456 1736 mendicitatis.
486 1698 707 1736 Audiamus
725 1698 842 1749 igitur
862 1697 1065 1736 Sextilium
1083 1711 1092 1734 :
1123 1695 1199 1733 fra-

91 1758 166 1790 tres
179 1751 344 1802 denique
354 1751 427 1802 ipsi
437 1751 620 1803 prodeant
633 1766 643 1789 :
674 1765 790 1802 quam
806 1752 944 1798 volent,
959 1749 1202 1801 impudenter

90 1805 350 1843 mentiantur:
380 1812 431 1852 et,
458 1805 562 1856 quod
583 1817 782 1855 nunquam
810 1805 1024 1851 habuerint,
1055 1802 1203 1840 dedisse

91 1869 132 1895 se
160 1858 310 1896 dicant:
340 1864 468 1896 tamen
494 1858 638 1909 aliquid
663 1858 834 1905 fortasse,
861 1870 986 1895 coram
1012 1855 1200 1907 producti,

92 1910 231 1957 dicent,
250 1911 292 1949 in
310 1923 386 1963 quo
405 1911 736 1963 reprehendantur.
767 1912 859 1949 Non
885 1910 1040 1956 deduxi,
1060 1908 1201 1960 inquit,

93 1963 308 2002 Sextilium.
353 1965 456 2003 Cedo
484 1965 645 2003 tabulas.
687 1965 778 2002 Non
808 1963 1011 2015 deportavi.
1052 1963 1203 2000 Fratres

94 2017 228 2055 saltem
243 2017 390 2056 exhibe.
421 2019 512 2056 Non
527 2018 760 2056 denuntiavi.
789 2017 907 2065 Quod
921 2029 1009 2067 ergo
1028 2028 1128 2053 unus
1142 2014 1202 2051 Α-

94 2070 316 2121 sclepiades,
334 2071 490 2110 fortuna
512 2084 640 2122 egens,
659 2071 739 2109 vita
765 2071 901 2122 turpis,
928 2068 1204 2108 existimatione

93 2122 314 2175 damnatus,
332 2123 572 2177 impudentia
589 2131 704 2176 atque
722 2123 881 2163 audacia
898 2123 1030 2170 fretus,
1051 2121 1129 2160 sine
1147 2126 1207 2157 ta-
