1425 2334
338 89 452 129 PRO
482 89 705 129 SEXTIO.
737 92 842 129 CAP.
872 93 935 130 21.
1109 93 1181 130 281

94 196 204 236 siculi
221 196 282 235 sui
298 207 375 235 non
399 195 655 244 defenderent,
675 198 739 235 alii
765 205 886 236 vetere
903 199 990 236 odio
1009 200 1195 238 bonorum

93 250 349 297 incitarentur,
368 249 432 288 alii
450 249 672 297 inviderent,
689 251 753 288 alii
768 253 914 289 obstare
932 252 1003 290 sibi
1016 265 1079 290 me
1097 253 1196 290 arbi-

91 310 290 364 narentur,
310 302 376 341 alii
393 303 525 342 ulcisci
543 304 710 342 dolorem
725 317 838 341 suum
854 305 1022 356 aliquem
1040 306 1192 349 vellent,

90 357 155 395 alii
174 369 253 395 rem
271 357 394 408 ipsam
412 356 619 408 publicam,
646 364 761 407 atque
782 358 886 395 hunc
914 360 1101 396 bonorum
1121 367 1195 396 sta-

90 418 175 449 tum
192 410 391 462 otiumque
408 410 585 457 odissent,
607 418 644 448 et
668 412 715 448 ob
733 411 843 449 hasce
862 424 1004 459 causas,
1026 419 1081 449 tot
1099 420 1196 449 tam-

92 476 169 515 que
200 463 336 511 varias,
367 476 432 502 me
467 477 589 502 unum
627 464 894 515 deposcerent;
938 465 1196 516 depugnarem

90 517 217 568 potius
235 529 323 556 cum
351 529 518 566 summo,
538 529 615 556 non
642 517 765 555 dicam
791 517 919 567 exitio,
940 519 1005 557 sed
1031 519 1198 569 periculo

83 577 191 609 ,certe
209 577 331 609 vestro
354 571 637 622 liberorumque
661 579 886 620 vestrorum,
910 585 1025 623 quam
1046 584 1121 609 non
1144 571 1197 618 id,

91 623 195 675 quod
212 624 391 662 omnibus
416 624 672 676 impendebat,
697 637 797 664 unus
824 639 893 676 pro
917 626 1095 664 omnibus
1120 638 1200 663 sus-

91 677 255 729 ciperem
272 690 316 716 ac
334 678 534 717 subirem?

144 730 265 769 XXI.
294 731 398 769 Victi
410 738 534 770 essent
546 731 737 783 improbi·
725 761 738 778 ‚
767 739 806 770 at
817 733 930 780 cives,
943 741 982 770 at
1000 733 1048 770 ab
1065 744 1109 769 eo
1122 731 1199 782 pri-

92 791 193 831 vato,
213 783 281 836 qui
299 784 380 823 sine
397 785 512 823 armis
531 785 645 823 etiam
669 787 801 823 consul
819 786 1093 837 rempublicam
1111 796 1199 822 con-

95 838 273 876 servarat.
303 838 371 876 Sin
404 838 492 876 victi
525 846 645 877 essent
682 839 771 876 boni
787 853 798 884 ;
830 839 923 890 quid
958 844 1166 888 superesset
1182 839 1200 875 1>

98 891 192 929 Non
223 891 273 929 ad
301 904 425 930 servos
456 891 589 930 videtis
619 903 698 930 rem
728 899 926 930 venturam
956 890 1071 928 fuisse
1087 893 1104 928 ?
1133 890 1201 927 An

95 944 193 982 mihi
210 944 283 995 ipsi
301 947 363 987 (ut
380 944 536 996 quidam
555 952 708 996 putant)
727 945 800 982 fuit
824 957 926 982 mors
945 956 1054 995 aequo
1071 943 1200 981 animo

93 997 341 1048 oppetenda?
363 998 478 1045 -Quid
493 1001 511 1037 ἓ
540 1006 623 1036 tum
652 1005 863 1036 mortemne
893 997 1087 1048 fugiebam
1105 999 1123 1035 ?
1151 1008 1199 1034 an

93 1057 173 1089 erat
190 1064 248 1089 res
265 1051 360 1099 ulla,
381 1064 498 1102 quam
515 1052 611 1089 mihi
629 1051 750 1101 magis
768 1051 973 1102 optandam
992 1058 1167 1101 putarem
1182 1050 1201 1085 ἶ)

95 1111 163 1142 aut
180 1117 251 1155 ego
268 1104 353 1143 illas
381 1117 439 1142 res
464 1111 599 1151 tantas,
623 1104 663 1141 in
682 1105 789 1141 tanta
817 1104 1080 1155 improborum
1099 1104 1201 1141 mul-

97 1157 274 1206 titudine,
287 1170 375 1196 cum
387 1160 578 1208 gerebam..
595 1169 670 1195 non
681 1157 779 1194 mihi
789 1170 905 1206 mors,
920 1170 996 1195 non
1008 1157 1200 1203 exsilium,

94 1212 144 1249 ob
162 1211 291 1249 oculos
308 1211 579 1249 versabantur?
606 1223 683 1249 non
701 1211 782 1249 haec
800 1211 963 1262 denique
981 1224 1004 1248 a
1021 1223 1083 1248 me
1103 1217 1201 1257 tum,

97 1270 298 1315 tamquam
316 1264 408 1311 fata,
437 1264 477 1302 in
495 1265 579 1315 ipsa
601 1277 641 1302 re
659 1264 836 1315 gerenda,
862 1266 1091 1302 canebantur
1104 1264 1122 1300 ?
1150 1276 1199 1302 an

92 1324 174 1355 erat
186 1317 297 1363 mihi,
310 1317 351 1354 in
362 1324 469 1356 tanto
487 1318 593 1356 luctu
611 1330 798 1365 meorum,
813 1318 919 1356 tanta
937 1317 1201 1366 disjunctione,

94 1370 203 1408 tanta
231 1370 446 1419 acerbitate,
477 1370 583 1409 tanta
608 1371 827 1422 spoliatione
855 1371 1029 1408 omnium
1058 1383 1200 1413 rerum,

95 1436 192 1474 quas
208 1423 307 1461 mihi
324 1430 391 1462 aut
419 1431 556 1463 natura
575 1431 641 1463 aut
665 1424 818 1462 fortuna
835 1424 1002 1473 dederat,
1022 1424 1099 1462 vita
1116 1424 1203 1461 reti-

97 1477 222 1515 nenda
237 1479 256 1516 Ρ
284 1477 388 1515 Tam
420 1490 523 1516 eram
558 1478 663 1516 rudis
678 1480 696 1516 ?
736 1485 815 1516 tam
851 1478 1006 1528 ignarus
1041 1490 1168 1515 rerum
1185 1480 1202 1515 ?

98 1537 179 1568 tam
208 1543 342 1581 expers
366 1531 525 1579 consilii,
556 1539 623 1570 aut
647 1531 821 1582 ingenii?
849 1532 946 1569 nihil
975 1532 1167 1569 audieram
1185 1533 1202 1568 ἶν’

98 1583 196 1620 nihil
213 1583 380 1622 videram
394 1586 412 1623 ?
441 1584 538 1622 nihil
555 1585 637 1636 ipse
660 1585 819 1635 legendo
846 1585 1124 1636 quaerendoque
1143 1596 1203 1621 co-

98 1647 302 1697 gnoveram
317 1639 335 1675 ‚⁹
363 1638 574 1676 nesciebam
589 1638 675 1677 vitae
686 1640 839 1677 brevem
854 1651 931 1677 esse
943 1650 1108 1685 cursum,
1125 1638 1204 1688 glo-

99 1689 165 1727 riae
178 1690 484 1740 sempiternum?
511 1704 600 1730 cum
614 1699 709 1730 esset
727 1692 904 1730 omnibus
918 1692 1072 1730 definita
1089 1703 1203 1735 mors,

98 1741 311 1793 optandum
339 1756 432 1790 esse,
458 1751 503 1781 ut
530 1745 619 1794 vita,
647 1758 734 1796 quae
758 1745 967 1784 necessitati
992 1745 1202 1789 deberetur,

100 1795 234 1846 patriae
251 1795 377 1846 potius
405 1797 557 1845 donata,
581 1811 699 1850 quam
720 1807 906 1837 reservata
926 1806 1033 1836 natm
1029 1811 1083 1843 ae,
1104 1796 1205 1834 vide-

100 1855 204 1887 retur
213 1848 232 1885 'c’
258 1848 299 1886 N
301 1849 500 1899 esclebam,
515 1851 613 1890 inter
625 1851 916 1902 sapientissimos
926 1851 1098 1890 homines
1111 1850 1206 1887 hanc

101 1901 381 1941 contentionem
405 1903 534 1953 fuisse,
564 1911 609 1943 ut
633 1905 698 1943 alii
721 1905 886 1944 dicerent
909 1905 1056 1943 animos
1084 1902 1203 1940 homi-

103 1967 200 1993 num
211 1967 417 2008 sensusque
428 1964 550 1995 morte
562 1958 759 2009 restingui,
772 1959 837 1997 alii
848 1966 977 1996 autem
992 1966 1074 1995 tum
1085 1954 1206 1993 maxi-

103 2020 167 2046 me
185 2016 331 2047 mentes
360 2010 588 2071 sapientium
617 2024 661 2050 ac
682 2011 839 2050 fortium
868 2011 1049 2056 virorum,
1081 2021 1166 2047 cum
1185 2019 1205 2044 e

102 2073 256 2112 corpore
282 2063 539 2112 excessissent,
559 2065 695 2103 sentire
724 2078 768 2103 ac
787 2065 942 2116 vigere?
971 2076 1133 2114 quorum
1151 2061 1206 2099 al-

105 2121 229 2152 terum
249 2115 475 2166 fugiendum
500 2129 576 2155 non
604 2131 696 2166 csse,
729 2131 852 2157 carere
878 2130 1015 2164 sensu3
1046 2117 1203 2156 alterum

98 2167 214 2208 etiam
232 2169 457 2220 optandum,
478 2171 632 2210 meliore
651 2185 728 2211 csse
746 2184 870 2210 sensu.

812 2226 836 2261 2
858 2235 883 2262 B
905 2226 930 2262 ‚5
