1425 2334
297 76 410 116 PRO
438 75 608 115 DOMO
637 76 757 115 sUA.
789 77 891 115 CAP.
912 80 975 116 25.
1107 80 1180 118 152
1237 76 1241 80 ’

100 190 278 221 namenta
299 183 412 232 villae,
445 182 509 222 sed
527 182 640 220 etiam
663 185 825 230 arbores,
853 184 1195 231 transferebantur3

101 248 188 274 cum
201 236 282 287 ipsa
292 236 395 284 villa,
412 248 488 273 non
501 235 638 286 praedae
657 235 874 286 cupiditate,
885 237 994 287 (quid
1007 239 1106 275 enim
1120 247 1200 277 erat

102 289 237 341 praedae
251 291 287 336 ?)
307 288 371 327 sed
394 289 480 327 odio
504 295 541 326 et
566 288 796 336 crudelitate,
822 288 992 328 funditus
1021 299 1200 330 evertere-

102 350 174 380 tur.
203 342 354 380 Domus
372 341 526 379 ardebat
536 341 577 378 in
597 341 757 388 Palatio,
777 354 853 379 non
872 342 1039 391 fortuito,
1056 344 1119 381 sed
1134 347 1201 382 ob-

101 395 178 433 lato
202 395 398 433 incendio:
429 395 598 433 consules
631 394 897 445 epulabantur,
918 403 954 433 et
971 396 1010 432 in
1030 397 1202 445 conjura-

103 455 228 486 torum
256 447 506 499 gratulatione
531 449 788 495 versabantur,
819 460 907 486 cum
937 449 1029 486 alter
1058 462 1096 487 se
1129 450 1202 488 Ca-

103 500 221 539 tilinae
241 501 404 550 delicias,
425 501 518 539 alter
537 500 695 551 Cethegi
714 501 992 549 consobrinum,
1012 501 1128 541 fuisse
1146 503 1203 540 di-

101 561 210 592 ceret.

155 607 269 645 Hanc
295 620 364 658 ego
388 608 480 656 vim,
507 608 713 658 pontifices,
740 608 811 645 hoc
829 609 960 656 scelus,
980 609 1082 647 hunc
1100 609 1204 648 furo-

103 673 199 708 rem,
218 673 304 698 meo
317 674 470 712 corpore
484 661 666 711 opposito,
683 663 730 698 ab
742 661 914 698 omnium
929 663 1114 700 bonorum
1128 675 1205 700 cer-

103 713 246 752 vicibus
270 713 427 765 depulit,
456 726 683 764 omnemque
707 714 893 764 impetum
919 714 1203 763 discordiarum,

103 779 257 804 omnem
275 766 340 804 diu
360 768 552 805 collectam
574 767 648 804 vim
674 767 931 817 improborum
952 769 1067 819 (quae,
1099 769 1203 806 inve-

103 826 233 868 terata,
253 832 463 870 compresso
481 820 566 858 odio
584 827 697 870 atque
720 819 845 867 tacito,
869 822 950 869 jam
970 823 1203 872 erumpebat,

103 880 213 910 nacta
230 880 311 910 tam
329 873 487 911 audaces
512 873 655 920 duces),
683 874 812 924 excepi
834 885 920 911 meo
949 887 1113 924 corpore.
1154 875 1203 911 In

105 938 168 964 me
185 938 277 974 uno,
298 926 509 964 consulares
527 926 638 973 faces,
656 927 764 975 jactae
782 927 957 965 manibus
979 927 1200 976 tribuniciis,

103 978 144 1016 in
162 991 224 1017 me
242 979 370 1016 omnia
384 982 486 1029 (quae
501 992 569 1028 ego
583 979 775 1030 quondam
787 980 1015 1027 retuderam)
1029 993 1095 1018 con
1097 982 1201 1029 jura-

101 1031 213 1070 tionis
224 1031 366 1069 nefaria
378 1033 466 1078 tela,
479 1032 725 1070 adhaeserunt.
747 1032 862 1079 Quod
874 1033 905 1070 si
917 1039 977 1075 (ut
987 1034 1117 1070 multis
1128 1033 1203 1071 for-

101 1084 256 1123 tissimis
274 1085 362 1122 viris
389 1085 547 1136 placuit)
576 1085 613 1122 vi
633 1093 669 1122 et
688 1085 802 1122 armis
821 1092 948 1123 contra
976 1086 1053 1123 vim
1079 1087 1204 1124 decer-

102 1144 181 1175 tare
205 1137 431 1183 voluissem3
462 1145 526 1175 aut
556 1138 724 1175 vicissem
756 1151 843 1175 cum
872 1139 1012 1189 magna
1041 1139 1204 1176 interne-

99 1190 205 1228 cione
215 1190 490 1241 improborum,
511 1190 574 1228 sed
593 1198 718 1228 tamen
738 1191 903 1236 civium3
933 1199 1012 1239 aut,
1033 1192 1203 1229 interfec-

101 1243 149 1282 tis
162 1244 271 1281 bonis
289 1243 464 1282 omnibus
484 1243 604 1294 (quod
620 1243 695 1281 illis
714 1244 990 1294 optatissimum
1002 1253 1110 1292 erat),
1124 1245 1202 1283 una

100 1309 189 1336 cum
208 1296 401 1347 republica
419 1296 671 1334 concidissem.

156 1349 362 1397 Videbam,
391 1350 476 1388 vivo
506 1357 636 1387 senatu
665 1351 882 1401 populoque
901 1351 1092 1399 Romano,
1112 1352 1204 1389 cele-

103 1415 183 1441 rem
201 1403 297 1440 mihi
309 1403 460 1440 summa
471 1415 559 1441 cum
577 1403 757 1453 dignitate
772 1404 958 1441 reditum:
988 1416 1056 1442 nec
1066 1405 1204 1442 intelli-

102 1458 252 1507 gebam,
273 1456 354 1493 fieri
371 1456 512 1494 diutius
530 1468 651 1507 posse,
670 1463 714 1494 ut
731 1457 827 1494 mihi
844 1469 920 1495 non
938 1457 1063 1495 liceret
1078 1459 1205 1495 essein

103 1510 148 1547 ea
165 1509 372 1560 republica,
392 1522 509 1560 quam
535 1509 614 1561 ipse
635 1509 851 1548 servassem.
880 1510 997 1557 Quod
1016 1511 1046 1549 si
1065 1523 1139 1549 non
1158 1511 1206 1548 li-

103 1569 225 1607 ceret3
256 1562 447 1600 audieram
467 1569 503 1600 et
520 1563 698 1613 legeram,
719 1563 942 1602 clarissimos
960 1571 1095 1602 nostrae
1113 1565 1203 1603 civi-

100 1616 187 1653 tatis
201 1615 298 1653 viros
312 1628 350 1653 se
368 1616 407 1653 in
426 1616 568 1654 medios
578 1616 701 1654 hostes
715 1616 762 1654 ad
776 1617 1012 1667 perspicuam
1023 1625 1198 1665 mortem,

101 1681 170 1718 pro
188 1669 307 1706 salute
325 1669 520 1716 exereitus,
539 1669 727 1718 injecisse:
749 1682 831 1720 ego,
850 1683 919 1720 pro
938 1671 1056 1708 salute
1074 1671 1200 1722 reipu-

102 1721 208 1759 blicae
215 1721 410 1770 universae,
423 1722 634 1760 dubitarem
652 1723 723 1760 hoc
740 1723 892 1761 meliore
904 1723 1114 1762 conditione
1122 1737 1200 1761 esse

102 1786 219 1824 quam
238 1774 360 1821 Decii,
381 1775 482 1826 quod
500 1775 557 1813 ffli
574 1788 622 1813 ne
640 1776 826 1814 auditores
844 1776 996 1827 quidem
1017 1789 1095 1814 suae
1118 1778 1199 1827 glo-

102 1827 180 1873 riae,
197 1839 266 1877 ego
280 1827 393 1865 etiam
408 1836 589 1879 spectator
606 1842 702 1867 meae
717 1829 840 1867 laudis
859 1842 937 1868 esse
955 1830 1172 1880 potuissem.

154 1879 290 1918 XXV.
319 1880 455 1932 Itaque
472 1881 652 1920 infractus
669 1882 772 1920 furor
790 1890 878 1920 tuus
895 1883 1024 1920 inanes
1043 1883 1202 1921 faciebat

102 1933 290 1983 impetus:
320 1946 472 1972 omnem
501 1935 603 1973 enim
632 1935 710 1973 vim
735 1936 908 1974 omnium
939 1936 1200 1973 sceleratorum

103 1986 282 2024 acerbitas
300 1987 375 2024 mei
394 1990 498 2025 casus
516 1996 720 2039 exceperat.
751 1989 842 2026 Non
861 1996 953 2035 erat,
973 1989 1012 2025 in
1031 1995 1110 2025 tam
1129 1988 1201 2025 im-

104 2039 209 2076 mani
227 2039 380 2089 injuria,
400 2041 587 2093 tantisque
597 2041 729 2088 ruinis,
742 2054 849 2080 novae
863 2041 1073 2080 crudelitati
1084 2041 1198 2078 locus.

104 2092 200 2130 Cato
218 2092 340 2131 fuerat
357 2094 575 2144 proximus:
608 2093 719 2145 [quid
738 2108 878 2145 ageres,
904 2107 978 2132 non
998 2101 1100 2140 erat3
1129 2093 1200 2132 nisi

102 2154 158 2195 ut,
178 2145 246 2196 qui
259 2146 354 2187 mihi
368 2146 448 2186 dux
461 2148 636 2187 omnibus
656 2148 695 2186 in
714 2150 824 2188 rebus
842 2148 979 2197 fuerat,
994 2147 1095 2187 idem
1109 2154 1202 2186 esset
