<?xml version="1.0" encoding="UTF-8"?>
<!DOCTYPE html PUBLIC "-//W3C//DTD XHTML 1.0 Transitional//EN"
    "http://www.w3.org/TR/xhtml1/DTD/xhtml1-transitional.dtd">
<html xmlns="http://www.w3.org/1999/xhtml" xml:lang="en" lang="en">
 <head>
  <title>
</title>
<meta http-equiv="Content-Type" content="text/html;charset=utf-8" />
  <meta name='ocr-system' content='tesseract 3.04.00' />
  <meta name='ocr-capabilities' content='ocr_page ocr_carea ocr_par ocr_line ocrx_word'/>
</head>
<body>
  <div class='ocr_page' id='page_1' title='image "./operaern07ciceuoft_0048.png"; bbox 0 0 1435 2328; ppageno 0'>
   <div class='ocr_carea' id='block_1_1' title="bbox 175 86 1033 128">
    <p class='ocr_par' dir='ltr' id='par_1_1' title="bbox 175 86 1033 128">
     <span class='ocr_line' id='line_1_1' title="bbox 175 86 1033 128; baseline 0.001 -4"><span class='ocrx_word' id='word_1_1' title='bbox 175 86 227 124; x_wconf 79' lang='lat'><strong>34</strong></span> <span class='ocrx_word' id='word_1_2' title='bbox 429 86 543 126; x_wconf 88' lang='lat' dir='ltr'><strong>PRO</strong></span> <span class='ocrx_word' id='word_1_3' title='bbox 572 86 810 127; x_wconf 85' lang='lat' dir='ltr'><strong>FLACCO.</strong></span> <span class='ocrx_word' id='word_1_4' title='bbox 839 88 946 128; x_wconf 75' lang='lat' dir='ltr'><strong>CAP.</strong></span> <span class='ocrx_word' id='word_1_5' title='bbox 966 87 1033 126; x_wconf 87' lang='grc'><strong>34.</strong></span> 
     </span>
    </p>
   </div>
   <div class='ocr_carea' id='block_1_2' title="bbox 179 190 1310 2236">
    <p class='ocr_par' dir='ltr' id='par_1_2' title="bbox 179 190 1302 515">
     <span class='ocr_line' id='line_1_2' title="bbox 179 190 1298 248; baseline -0.004 -14"><span class='ocrx_word' id='word_1_6' title='bbox 179 193 396 234; x_wconf 82' lang='lat' dir='ltr'>enuntiares</span> <span class='ocrx_word' id='word_1_7' title='bbox 414 195 568 233; x_wconf 74' lang='lat' dir='ltr'><strong>consilia</strong></span> <span class='ocrx_word' id='word_1_8' title='bbox 587 195 700 234; x_wconf 86' lang='lat' dir='ltr'><strong>Laelii</strong></span> <span class='ocrx_word' id='word_1_9' title='bbox 713 198 731 235; x_wconf 69' lang='grc' dir='ltr'><em>ἲ</em></span> <span class='ocrx_word' id='word_1_10' title='bbox 751 195 819 248; x_wconf 93' lang='lat' dir='ltr'><strong>qui</strong></span> <span class='ocrx_word' id='word_1_11' title='bbox 830 201 941 234; x_wconf 90' lang='lat' dir='ltr'><strong>testes</strong></span> <span class='ocrx_word' id='word_1_12' title='bbox 954 196 1003 234; x_wconf 91' lang='lat' dir='ltr'><strong>ab</strong></span> <span class='ocrx_word' id='word_1_13' title='bbox 1017 206 1062 233; x_wconf 90' lang='lat' dir='ltr'><strong>eo</strong></span> <span class='ocrx_word' id='word_1_14' title='bbox 1074 190 1269 245; x_wconf 81' lang='lat' dir='ltr'><strong>prodirent</strong></span> <span class='ocrx_word' id='word_1_15' title='bbox 1277 193 1298 231; x_wconf 69' lang='grc' dir='ltr'><strong>Ρ</strong></span> 
     </span>
     <span class='ocr_line' id='line_1_3' title="bbox 181 245 1302 299; baseline -0.002 -14"><span class='ocrx_word' id='word_1_16' title='bbox 181 246 322 294; x_wconf 84' lang='lat' dir='ltr'>Quid?</span> <span class='ocrx_word' id='word_1_17' title='bbox 350 260 420 287; x_wconf 90' lang='lat' dir='ltr'><strong>nos</strong></span> <span class='ocrx_word' id='word_1_18' title='bbox 441 261 519 287; x_wconf 92' lang='lat' dir='ltr'><strong>non</strong></span> <span class='ocrx_word' id='word_1_19' title='bbox 541 249 764 288; x_wconf 89' lang='lat' dir='ltr'><strong>videbamus</strong></span> <span class='ocrx_word' id='word_1_20' title='bbox 786 249 957 289; x_wconf 89' lang='lat' dir='ltr'><strong>habitare</strong></span> <span class='ocrx_word' id='word_1_21' title='bbox 975 248 1055 287; x_wconf 64' lang='lat' dir='ltr'><strong>una</strong></span> <span class='ocrx_word' id='word_1_22' title='bbox 1070 250 1088 286; x_wconf 72' lang='grc' dir='ltr'><strong><em>ἓ</em></strong></span> <span class='ocrx_word' id='word_1_23' title='bbox 1120 246 1206 299; x_wconf 87' lang='lat' dir='ltr'><strong>quis</strong></span> <span class='ocrx_word' id='word_1_24' title='bbox 1228 245 1302 284; x_wconf 81' lang='lat' dir='ltr'><strong>hoe</strong></span> 
     </span>
     <span class='ocr_line' id='line_1_4' title="bbox 180 299 1302 355; baseline -0.001 -17"><span class='ocrx_word' id='word_1_25' title='bbox 180 300 300 339; x_wconf 88' lang='lat' dir='ltr'><strong>nescit</strong></span> <span class='ocrx_word' id='word_1_26' title='bbox 315 304 333 340; x_wconf 73' lang='grc' dir='ltr'>Ρ</span> <span class='ocrx_word' id='word_1_27' title='bbox 361 301 535 341; x_wconf 87' lang='lat' dir='ltr'><strong>Tabulas</strong></span> <span class='ocrx_word' id='word_1_28' title='bbox 563 303 603 341; x_wconf 86' lang='lat' dir='ltr'><strong>in</strong></span> <span class='ocrx_word' id='word_1_29' title='bbox 623 303 735 342; x_wconf 87' lang='lat' dir='ltr'><strong>Laelii</strong></span> <span class='ocrx_word' id='word_1_30' title='bbox 760 310 944 355; x_wconf 82' lang='lat' dir='ltr'><strong>potestate</strong></span> <span class='ocrx_word' id='word_1_31' title='bbox 962 302 1092 350; x_wconf 85' lang='lat' dir='ltr'><strong>fuisse,</strong></span> <span class='ocrx_word' id='word_1_32' title='bbox 1113 313 1209 338; x_wconf 89' lang='lat' dir='ltr'><strong>num</strong></span> <span class='ocrx_word' id='word_1_33' title='bbox 1228 299 1302 337; x_wconf 89' lang='lat' dir='ltr'><strong>du-</strong></span> 
     </span>
     <span class='ocr_line' id='line_1_5' title="bbox 180 353 1299 408; baseline -0.003 -15"><span class='ocrx_word' id='word_1_34' title='bbox 180 353 290 393; x_wconf 91' lang='lat' dir='ltr'><strong>bium</strong></span> <span class='ocrx_word' id='word_1_35' title='bbox 309 358 395 394; x_wconf 82' lang='lat' dir='ltr'><strong>est?</strong></span> <span class='ocrx_word' id='word_1_36' title='bbox 424 357 507 405; x_wconf 90' lang='lat' dir='ltr'><strong>An,</strong></span> <span class='ocrx_word' id='word_1_37' title='bbox 524 369 572 394; x_wconf 91' lang='lat' dir='ltr'><strong>ne</strong></span> <span class='ocrx_word' id='word_1_38' title='bbox 586 357 840 406; x_wconf 88' lang='lat' dir='ltr'><strong>vehementer,</strong></span> <span class='ocrx_word' id='word_1_39' title='bbox 857 370 904 395; x_wconf 92' lang='lat' dir='ltr'><strong>ne</strong></span> <span class='ocrx_word' id='word_1_40' title='bbox 916 356 1062 408; x_wconf 89' lang='lat' dir='ltr'><strong>copiose</strong></span> <span class='ocrx_word' id='word_1_41' title='bbox 1077 366 1267 393; x_wconf 81' lang='lat' dir='ltr'>accusares</span> <span class='ocrx_word' id='word_1_42' title='bbox 1281 354 1299 391; x_wconf 70' lang='grc' dir='ltr'><strong><em>ἓ</em></strong></span> 
     </span>
     <span class='ocr_line' id='line_1_6' title="bbox 181 406 1300 461; baseline -0.001 -16"><span class='ocrx_word' id='word_1_43' title='bbox 181 408 302 447; x_wconf 91' lang='lat' dir='ltr'><strong>Nunc</strong></span> <span class='ocrx_word' id='word_1_44' title='bbox 320 409 411 448; x_wconf 84' lang='lat' dir='ltr'><strong>facis</strong></span> <span class='ocrx_word' id='word_1_45' title='bbox 434 410 710 461; x_wconf 85' lang='lat' dir='ltr'><strong>suspicionem:</strong></span> <span class='ocrx_word' id='word_1_46' title='bbox 741 412 795 449; x_wconf 85' lang='lat' dir='ltr'><strong>ita</strong></span> <span class='ocrx_word' id='word_1_47' title='bbox 820 411 922 449; x_wconf 90' lang='lat' dir='ltr'><strong>enim</strong></span> <span class='ocrx_word' id='word_1_48' title='bbox 947 409 1091 459; x_wconf 81' lang='lat' dir='ltr'><strong>dixisti,</strong></span> <span class='ocrx_word' id='word_1_49' title='bbox 1111 415 1156 446; x_wconf 90' lang='lat' dir='ltr'><strong>ut</strong></span> <span class='ocrx_word' id='word_1_50' title='bbox 1174 406 1300 445; x_wconf 91' lang='lat' dir='ltr'><strong>nescio</strong></span> 
     </span>
     <span class='ocr_line' id='line_1_7' title="bbox 182 462 982 515; baseline 0.005 -16"><span class='ocrx_word' id='word_1_51' title='bbox 182 462 277 513; x_wconf 91' lang='lat' dir='ltr'><strong>quid</strong></span> <span class='ocrx_word' id='word_1_52' title='bbox 296 465 363 501; x_wconf 88' lang='lat' dir='ltr'><strong>abs</strong></span> <span class='ocrx_word' id='word_1_53' title='bbox 382 470 419 501; x_wconf 90' lang='lat' dir='ltr'><strong>te</strong></span> <span class='ocrx_word' id='word_1_54' title='bbox 436 464 683 515; x_wconf 87' lang='lat' dir='ltr'><strong>impetratum</strong></span> <span class='ocrx_word' id='word_1_55' title='bbox 703 479 780 503; x_wconf 87' lang='lat' dir='ltr'><strong>esse</strong></span> <span class='ocrx_word' id='word_1_56' title='bbox 799 465 982 503; x_wconf 84' lang='lat' dir='ltr'><strong>videatur.</strong></span> 
     </span>
    </p>

    <p class='ocr_par' dir='ltr' id='par_1_3' title="bbox 179 515 1307 1200">
     <span class='ocr_line' id='line_1_8' title="bbox 235 515 1303 568; baseline -0.002 -14"><span class='ocrx_word' id='word_1_57' title='bbox 235 516 439 556; x_wconf 88' lang='lat' dir='ltr'>XXXIV.</span> <span class='ocrx_word' id='word_1_58' title='bbox 469 520 528 556; x_wconf 83' lang='lat' dir='ltr'><strong>At</strong></span> <span class='ocrx_word' id='word_1_59' title='bbox 553 518 655 556; x_wconf 90' lang='lat' dir='ltr'><strong>enim</strong></span> <span class='ocrx_word' id='word_1_60' title='bbox 673 519 853 557; x_wconf 89' lang='lat' dir='ltr'><strong>Androni</strong></span> <span class='ocrx_word' id='word_1_61' title='bbox 872 517 1031 558; x_wconf 82' lang='lat' dir='ltr'><strong>Sextilio</strong></span> <span class='ocrx_word' id='word_1_62' title='bbox 1056 516 1181 568; x_wconf 85' lang='lat' dir='ltr'><strong>gravis</strong></span> <span class='ocrx_word' id='word_1_63' title='bbox 1198 515 1303 564; x_wconf 79' lang='lat' dir='ltr'><strong>inju-</strong></span> 
     </span>
     <span class='ocr_line' id='line_1_9' title="bbox 181 568 1303 624; baseline 0 -18"><span class='ocrx_word' id='word_1_64' title='bbox 181 568 238 607; x_wconf 85' lang='lat' dir='ltr'><strong>ria</strong></span> <span class='ocrx_word' id='word_1_65' title='bbox 258 570 359 609; x_wconf 86' lang='lat' dir='ltr'><strong>facta</strong></span> <span class='ocrx_word' id='word_1_66' title='bbox 384 581 452 619; x_wconf 89' lang='lat' dir='ltr'><strong>est,</strong></span> <span class='ocrx_word' id='word_1_67' title='bbox 479 579 516 610; x_wconf 87' lang='lat' dir='ltr'><strong>et</strong></span> <span class='ocrx_word' id='word_1_68' title='bbox 535 585 609 610; x_wconf 90' lang='lat' dir='ltr'><strong>non</strong></span> <span class='ocrx_word' id='word_1_69' title='bbox 630 573 813 618; x_wconf 83' lang='lat' dir='ltr'><strong>ferenda;</strong></span> <span class='ocrx_word' id='word_1_70' title='bbox 844 573 962 624; x_wconf 85' lang='lat' dir='ltr'><strong>quod,</strong></span> <span class='ocrx_word' id='word_1_71' title='bbox 983 585 1070 610; x_wconf 92' lang='lat' dir='ltr'><strong>cum</strong></span> <span class='ocrx_word' id='word_1_72' title='bbox 1092 577 1186 608; x_wconf 88' lang='lat' dir='ltr'><strong>esset</strong></span> <span class='ocrx_word' id='word_1_73' title='bbox 1206 581 1303 606; x_wconf 85' lang='lat' dir='ltr'><strong>uxor</strong></span> 
     </span>
     <span class='ocr_line' id='line_1_10' title="bbox 182 623 1304 677; baseline -0.001 -16"><span class='ocrx_word' id='word_1_74' title='bbox 182 624 264 672; x_wconf 87' lang='lat' dir='ltr'><strong>ejus</strong></span> <span class='ocrx_word' id='word_1_75' title='bbox 277 624 433 663; x_wconf 86' lang='lat' dir='ltr'><strong>Valeria</strong></span> <span class='ocrx_word' id='word_1_76' title='bbox 452 626 627 664; x_wconf 86' lang='lat' dir='ltr'><strong>intestato</strong></span> <span class='ocrx_word' id='word_1_77' title='bbox 646 634 812 673; x_wconf 82' lang='lat' dir='ltr'><strong>mortua,</strong></span> <span class='ocrx_word' id='word_1_78' title='bbox 830 627 881 665; x_wconf 92' lang='lat' dir='ltr'><strong>sic</strong></span> <span class='ocrx_word' id='word_1_79' title='bbox 901 626 977 677; x_wconf 88' lang='lat' dir='ltr'><strong>egit</strong></span> <span class='ocrx_word' id='word_1_80' title='bbox 997 638 1080 664; x_wconf 91' lang='lat' dir='ltr'><strong>eam</strong></span> <span class='ocrx_word' id='word_1_81' title='bbox 1094 637 1175 662; x_wconf 91' lang='lat' dir='ltr'><strong>rem</strong></span> <span class='ocrx_word' id='word_1_82' title='bbox 1191 623 1304 661; x_wconf 89' lang='lat' dir='ltr'><strong>Flac-</strong></span> 
     </span>
     <span class='ocr_line' id='line_1_11' title="bbox 182 675 1303 731; baseline -0.002 -16"><span class='ocrx_word' id='word_1_83' title='bbox 182 689 262 724; x_wconf 78' lang='lat' dir='ltr'><strong>CUS,</strong></span> <span class='ocrx_word' id='word_1_84' title='bbox 280 679 389 729; x_wconf 77' lang='lat' dir='ltr'><strong>quasi</strong></span> <span class='ocrx_word' id='word_1_85' title='bbox 402 679 450 716; x_wconf 85' lang='lat' dir='ltr'><strong>ad</strong></span> <span class='ocrx_word' id='word_1_86' title='bbox 468 679 595 730; x_wconf 87' lang='lat' dir='ltr'><strong>ipsum</strong></span> <span class='ocrx_word' id='word_1_87' title='bbox 610 681 808 718; x_wconf 83' lang='lat' dir='ltr'><strong>haereditas</strong></span> <span class='ocrx_word' id='word_1_88' title='bbox 822 681 1037 731; x_wconf 82' lang='lat' dir='ltr'><strong>pertineret.</strong></span> <span class='ocrx_word' id='word_1_89' title='bbox 1055 680 1103 717; x_wconf 93' lang='lat' dir='ltr'><strong>In</strong></span> <span class='ocrx_word' id='word_1_90' title='bbox 1119 690 1195 729; x_wconf 92' lang='lat' dir='ltr'><strong>quo</strong></span> <span class='ocrx_word' id='word_1_91' title='bbox 1208 675 1303 728; x_wconf 88' lang='lat' dir='ltr'><strong>quid</strong></span> 
     </span>
     <span class='ocr_line' id='line_1_12' title="bbox 179 729 1301 785; baseline -0.001 -17"><span class='ocrx_word' id='word_1_92' title='bbox 179 732 446 781; x_wconf 80' lang='lat' dir='ltr'><strong>reprehendas,</strong></span> <span class='ocrx_word' id='word_1_93' title='bbox 479 734 572 771; x_wconf 89' lang='lat' dir='ltr'><strong>scire</strong></span> <span class='ocrx_word' id='word_1_94' title='bbox 597 735 721 785; x_wconf 89' lang='lat' dir='ltr'><strong>cupio.</strong></span> <span class='ocrx_word' id='word_1_95' title='bbox 761 734 879 781; x_wconf 83' lang='lat' dir='ltr'><strong>Quod</strong></span> <span class='ocrx_word' id='word_1_96' title='bbox 903 734 1044 771; x_wconf 87' lang='lat' dir='ltr'><strong>falsum</strong></span> <span class='ocrx_word' id='word_1_97' title='bbox 1067 729 1301 770; x_wconf 83' lang='lat' dir='ltr'><strong>intenderit?</strong></span> 
     </span>
     <span class='ocr_line' id='line_1_13' title="bbox 182 783 1305 839; baseline 0 -18"><span class='ocrx_word' id='word_1_98' title='bbox 182 783 267 831; x_wconf 78' lang='lat' dir='ltr'><strong>Qui</strong></span> <span class='ocrx_word' id='word_1_99' title='bbox 286 785 427 825; x_wconf 82' lang='lat' dir='ltr'><strong>doces?</strong></span> <span class='ocrx_word' id='word_1_100' title='bbox 458 787 648 837; x_wconf 84' lang='lat' dir='ltr'><strong>Ingenua,</strong></span> <span class='ocrx_word' id='word_1_101' title='bbox 675 788 815 839; x_wconf 88' lang='lat' dir='ltr'><strong>inquit,</strong></span> <span class='ocrx_word' id='word_1_102' title='bbox 842 787 929 825; x_wconf 86' lang='lat' dir='ltr'><strong>fuit.</strong></span> <span class='ocrx_word' id='word_1_103' title='bbox 959 787 998 825; x_wconf 93' lang='grc' dir='ltr'><strong>Ο</strong></span> <span class='ocrx_word' id='word_1_104' title='bbox 1025 786 1191 838; x_wconf 89' lang='lat' dir='ltr'><strong>peritum</strong></span> <span class='ocrx_word' id='word_1_105' title='bbox 1208 783 1305 833; x_wconf 85' lang='lat' dir='ltr'><strong>juris</strong></span> 
     </span>
     <span class='ocr_line' id='line_1_14' title="bbox 181 836 1305 892; baseline 0 -17"><span class='ocrx_word' id='word_1_106' title='bbox 181 836 380 877; x_wconf 90' lang='lat' dir='ltr'><strong>hominem</strong></span> <span class='ocrx_word' id='word_1_107' title='bbox 397 841 405 878; x_wconf 97' lang='lat'>!</span> <span class='ocrx_word' id='word_1_108' title='bbox 429 840 568 887; x_wconf 78' lang='lat' dir='ltr'><strong>Quid?</strong></span> <span class='ocrx_word' id='word_1_109' title='bbox 583 843 630 879; x_wconf 90' lang='lat' dir='ltr'><strong>ab</strong></span> <span class='ocrx_word' id='word_1_110' title='bbox 643 841 818 892; x_wconf 86' lang='lat' dir='ltr'><strong>ingenuis</strong></span> <span class='ocrx_word' id='word_1_111' title='bbox 832 841 1056 879; x_wconf 87' lang='lat' dir='ltr'><strong>mulieribus</strong></span> <span class='ocrx_word' id='word_1_112' title='bbox 1068 838 1305 877; x_wconf 71' lang='lat' dir='ltr'><strong>haereditates</strong></span> 
     </span>
     <span class='ocr_line' id='line_1_15' title="bbox 180 891 1302 946; baseline -0.001 -17"><span class='ocrx_word' id='word_1_113' title='bbox 180 891 266 942; x_wconf 84' lang='lat' dir='ltr'><strong>lege</strong></span> <span class='ocrx_word' id='word_1_114' title='bbox 291 906 369 931; x_wconf 91' lang='lat' dir='ltr'><strong>non</strong></span> <span class='ocrx_word' id='word_1_115' title='bbox 391 894 584 933; x_wconf 85' lang='lat' dir='ltr'><strong>veniunt?</strong></span> <span class='ocrx_word' id='word_1_116' title='bbox 626 896 675 933; x_wconf 89' lang='lat' dir='ltr'><strong>In</strong></span> <span class='ocrx_word' id='word_1_117' title='bbox 698 907 873 943; x_wconf 88' lang='lat' dir='ltr'><strong>manum,</strong></span> <span class='ocrx_word' id='word_1_118' title='bbox 899 894 1038 946; x_wconf 88' lang='lat' dir='ltr'><strong>inquit,</strong></span> <span class='ocrx_word' id='word_1_119' title='bbox 1066 897 1302 931; x_wconf 87' lang='lat' dir='ltr'><strong>convenerat.</strong></span> 
     </span>
     <span class='ocr_line' id='line_1_16' title="bbox 181 945 1304 1000; baseline -0.002 -16"><span class='ocrx_word' id='word_1_120' title='bbox 181 946 302 985; x_wconf 91' lang='lat' dir='ltr'><strong>Nunc</strong></span> <span class='ocrx_word' id='word_1_121' title='bbox 321 947 457 986; x_wconf 87' lang='lat' dir='ltr'><strong>audio:</strong></span> <span class='ocrx_word' id='word_1_122' title='bbox 490 948 555 986; x_wconf 89' lang='lat' dir='ltr'><strong>sed</strong></span> <span class='ocrx_word' id='word_1_123' title='bbox 580 962 723 1000; x_wconf 88' lang='lat' dir='ltr'><strong>quaero,</strong></span> <span class='ocrx_word' id='word_1_124' title='bbox 747 963 835 996; x_wconf 88' lang='lat' dir='ltr'><strong>usu,</strong></span> <span class='ocrx_word' id='word_1_125' title='bbox 863 961 912 986; x_wconf 89' lang='lat' dir='ltr'><strong>an</strong></span> <span class='ocrx_word' id='word_1_126' title='bbox 935 947 1176 986; x_wconf 78' lang='lat' dir='ltr'><strong>coe&#39;mtione?</strong></span> <span class='ocrx_word' id='word_1_127' title='bbox 1217 945 1304 983; x_wconf 92' lang='lat' dir='ltr'><strong>Usu</strong></span> 
     </span>
     <span class='ocr_line' id='line_1_17' title="bbox 181 998 1307 1053; baseline -0.002 -16"><span class='ocrx_word' id='word_1_128' title='bbox 181 1011 261 1037; x_wconf 89' lang='lat' dir='ltr'><strong>non</strong></span> <span class='ocrx_word' id='word_1_129' title='bbox 280 1001 405 1051; x_wconf 86' lang='lat' dir='ltr'><strong>potuit</strong></span> <span class='ocrx_word' id='word_1_130' title='bbox 421 1016 430 1039; x_wconf 92' lang='lat'><strong>:</strong></span> <span class='ocrx_word' id='word_1_131' title='bbox 461 1002 559 1039; x_wconf 89' lang='lat' dir='ltr'><strong>nihil</strong></span> <span class='ocrx_word' id='word_1_132' title='bbox 578 1004 681 1040; x_wconf 91' lang='lat' dir='ltr'><strong>enim</strong></span> <span class='ocrx_word' id='word_1_133' title='bbox 695 1010 819 1053; x_wconf 86' lang='lat' dir='ltr'><strong>potest</strong></span> <span class='ocrx_word' id='word_1_134' title='bbox 833 1002 880 1040; x_wconf 90' lang='lat' dir='ltr'><strong>de</strong></span> <span class='ocrx_word' id='word_1_135' title='bbox 894 1002 1014 1040; x_wconf 67' lang='lat' dir='ltr'><strong>tutela</strong></span> <span class='ocrx_word' id='word_1_136' title='bbox 1025 999 1212 1052; x_wconf 64' lang='lat' dir='ltr'><strong>legitima,</strong></span> <span class='ocrx_word' id='word_1_137' title='bbox 1227 998 1307 1037; x_wconf 90' lang='lat' dir='ltr'><strong>sine</strong></span> 
     </span>
     <span class='ocr_line' id='line_1_18' title="bbox 182 1053 1305 1104; baseline -0.001 -13"><span class='ocrx_word' id='word_1_138' title='bbox 182 1055 360 1092; x_wconf 88' lang='lat' dir='ltr'><strong>omnium</strong></span> <span class='ocrx_word' id='word_1_139' title='bbox 379 1062 550 1093; x_wconf 85' lang='lat' dir='ltr'><strong>tutorum</strong></span> <span class='ocrx_word' id='word_1_140' title='bbox 570 1057 805 1104; x_wconf 85' lang='lat' dir='ltr'><strong>auctoritate,</strong></span> <span class='ocrx_word' id='word_1_141' title='bbox 826 1055 1009 1094; x_wconf 90' lang='lat' dir='ltr'><strong>deminui.</strong></span> <span class='ocrx_word' id='word_1_142' title='bbox 1047 1053 1271 1093; x_wconf 69' lang='lat' dir='ltr'><strong>Coe‘mtione</strong></span> <span class='ocrx_word' id='word_1_143' title='bbox 1286 1054 1305 1090; x_wconf 74' lang='lat'><strong>:³</strong></span> 
     </span>
     <span class='ocr_line' id='line_1_19' title="bbox 181 1108 1306 1161; baseline 0 -17"><span class='ocrx_word' id='word_1_144' title='bbox 181 1108 362 1146; x_wconf 87' lang='lat' dir='ltr'><strong>omnibus</strong></span> <span class='ocrx_word' id='word_1_145' title='bbox 388 1122 476 1159; x_wconf 86' lang='lat' dir='ltr'><strong>ergo</strong></span> <span class='ocrx_word' id='word_1_146' title='bbox 495 1110 711 1148; x_wconf 86' lang='lat' dir='ltr'><strong>auctoribus</strong></span> <span class='ocrx_word' id='word_1_147' title='bbox 731 1125 741 1148; x_wconf 72' lang='grc' dir='ltr'><strong><em>ε</em></strong></span> <span class='ocrx_word' id='word_1_148' title='bbox 773 1111 812 1147; x_wconf 90' lang='lat' dir='ltr'><strong>in</strong></span> <span class='ocrx_word' id='word_1_149' title='bbox 840 1109 980 1161; x_wconf 89' lang='lat' dir='ltr'><strong>quibus</strong></span> <span class='ocrx_word' id='word_1_150' title='bbox 1006 1116 1104 1147; x_wconf 89' lang='lat' dir='ltr'><strong>certe</strong></span> <span class='ocrx_word' id='word_1_151' title='bbox 1122 1108 1306 1146; x_wconf 87' lang='lat' dir='ltr'><strong>Flaccum</strong></span> 
     </span>
     <span class='ocr_line' id='line_1_20' title="bbox 181 1160 524 1200; baseline 0.006 -2"><span class='ocrx_word' id='word_1_152' title='bbox 181 1160 298 1199; x_wconf 81' lang='lat' dir='ltr'><strong>fuisse</strong></span> <span class='ocrx_word' id='word_1_153' title='bbox 316 1174 394 1200; x_wconf 91' lang='lat' dir='ltr'><strong>non</strong></span> <span class='ocrx_word' id='word_1_154' title='bbox 413 1163 524 1200; x_wconf 83' lang='lat' dir='ltr'><strong>dices.</strong></span> 
     </span>
    </p>

    <p class='ocr_par' dir='ltr' id='par_1_4' title="bbox 182 1214 1310 1966">
     <span class='ocr_line' id='line_1_21' title="bbox 235 1214 1305 1267; baseline -0.001 -15"><span class='ocrx_word' id='word_1_155' title='bbox 235 1215 485 1266; x_wconf 85' lang='lat' dir='ltr'><strong>Relinquitur</strong></span> <span class='ocrx_word' id='word_1_156' title='bbox 503 1216 614 1264; x_wconf 89' lang='lat' dir='ltr'><strong>illud,</strong></span> <span class='ocrx_word' id='word_1_157' title='bbox 631 1217 735 1267; x_wconf 82' lang='lat' dir='ltr'><strong>quod</strong></span> <span class='ocrx_word' id='word_1_158' title='bbox 746 1216 941 1255; x_wconf 83' lang='lat' dir='ltr'><strong>vociferari</strong></span> <span class='ocrx_word' id='word_1_159' title='bbox 958 1229 1036 1254; x_wconf 90' lang='lat' dir='ltr'><strong>non</strong></span> <span class='ocrx_word' id='word_1_160' title='bbox 1054 1214 1210 1261; x_wconf 79' lang='lat' dir='ltr'><strong>destitit,</strong></span> <span class='ocrx_word' id='word_1_161' title='bbox 1227 1226 1305 1252; x_wconf 90' lang='lat' dir='ltr'><strong>non</strong></span> 
     </span>
     <span class='ocr_line' id='line_1_22' title="bbox 183 1267 1304 1321; baseline 0 -16"><span class='ocrx_word' id='word_1_162' title='bbox 183 1267 370 1315; x_wconf 85' lang='lat' dir='ltr'><strong>debuisse,</strong></span> <span class='ocrx_word' id='word_1_163' title='bbox 398 1283 486 1307; x_wconf 91' lang='lat' dir='ltr'><strong>cum</strong></span> <span class='ocrx_word' id='word_1_164' title='bbox 512 1280 650 1321; x_wconf 86' lang='lat' dir='ltr'><strong>praetor</strong></span> <span class='ocrx_word' id='word_1_165' title='bbox 675 1278 782 1317; x_wconf 88' lang='lat' dir='ltr'><strong>esset,</strong></span> <span class='ocrx_word' id='word_1_166' title='bbox 811 1284 925 1308; x_wconf 91' lang='lat' dir='ltr'><strong>suum</strong></span> <span class='ocrx_word' id='word_1_167' title='bbox 957 1270 1154 1320; x_wconf 87' lang='lat' dir='ltr'><strong>negotium</strong></span> <span class='ocrx_word' id='word_1_168' title='bbox 1180 1280 1304 1319; x_wconf 86' lang='lat' dir='ltr'><strong>agere,</strong></span> 
     </span>
     <span class='ocr_line' id='line_1_23' title="bbox 182 1321 1306 1363; baseline 0.001 -4"><span class='ocrx_word' id='word_1_169' title='bbox 182 1328 249 1359; x_wconf 87' lang='lat' dir='ltr'><strong>aut</strong></span> <span class='ocrx_word' id='word_1_170' title='bbox 279 1323 512 1361; x_wconf 86' lang='lat' dir='ltr'><strong>mentionem</strong></span> <span class='ocrx_word' id='word_1_171' title='bbox 542 1323 664 1362; x_wconf 86' lang='lat' dir='ltr'><strong>facere</strong></span> <span class='ocrx_word' id='word_1_172' title='bbox 685 1324 928 1363; x_wconf 65' lang='lat' dir='ltr'><strong>haereditatis.</strong></span> <span class='ocrx_word' id='word_1_173' title='bbox 968 1323 1166 1362; x_wconf 82' lang='lat' dir='ltr'><strong>Maximas</strong></span> <span class='ocrx_word' id='word_1_174' title='bbox 1191 1321 1306 1360; x_wconf 87' lang='lat' dir='ltr'><strong>audio</strong></span> 
     </span>
     <span class='ocr_line' id='line_1_24' title="bbox 182 1375 1307 1428; baseline -0.001 -15"><span class='ocrx_word' id='word_1_175' title='bbox 182 1375 268 1423; x_wconf 87' lang='lat' dir='ltr'><strong>tibi,</strong></span> <span class='ocrx_word' id='word_1_176' title='bbox 289 1376 338 1414; x_wconf 86' lang='lat' dir='ltr'><strong>L.</strong></span> <span class='ocrx_word' id='word_1_177' title='bbox 352 1377 531 1425; x_wconf 86' lang='lat' dir='ltr'><strong>Luculle,</strong></span> <span class='ocrx_word' id='word_1_178' title='bbox 548 1378 615 1428; x_wconf 90' lang='lat' dir='ltr'><strong>qui</strong></span> <span class='ocrx_word' id='word_1_179' title='bbox 630 1378 677 1416; x_wconf 91' lang='lat' dir='ltr'><strong>de</strong></span> <span class='ocrx_word' id='word_1_180' title='bbox 696 1379 744 1416; x_wconf 88' lang='lat' dir='ltr'><strong>L.</strong></span> <span class='ocrx_word' id='word_1_181' title='bbox 759 1379 895 1416; x_wconf 85' lang='lat' dir='ltr'><strong>Flacco</strong></span> <span class='ocrx_word' id='word_1_182' title='bbox 915 1377 1140 1416; x_wconf 88' lang='lat' dir='ltr'><strong>sententiam</strong></span> <span class='ocrx_word' id='word_1_183' title='bbox 1157 1377 1307 1414; x_wconf 87' lang='lat' dir='ltr'><strong>laturus</strong></span> 
     </span>
     <span class='ocr_line' id='line_1_25' title="bbox 182 1429 1308 1482; baseline -0.001 -15"><span class='ocrx_word' id='word_1_184' title='bbox 182 1442 237 1477; x_wconf 91' lang='lat' dir='ltr'><strong>es,</strong></span> <span class='ocrx_word' id='word_1_185' title='bbox 250 1443 319 1481; x_wconf 93' lang='lat' dir='ltr'><strong>pro</strong></span> <span class='ocrx_word' id='word_1_186' title='bbox 339 1430 407 1468; x_wconf 70' lang='lat' dir='ltr'><strong>tua</strong></span> <span class='ocrx_word' id='word_1_187' title='bbox 425 1431 567 1469; x_wconf 62' lang='lat' dir='ltr'><strong>eximia</strong></span> <span class='ocrx_word' id='word_1_188' title='bbox 585 1431 823 1480; x_wconf 81' lang='lat' dir='ltr'><strong>liberalitate,</strong></span> <span class='ocrx_word' id='word_1_189' title='bbox 843 1431 1100 1482; x_wconf 86' lang='lat' dir='ltr'><strong>maximisque</strong></span> <span class='ocrx_word' id='word_1_190' title='bbox 1116 1429 1308 1469; x_wconf 90' lang='lat' dir='ltr'><strong>beneficiis</strong></span> 
     </span>
     <span class='ocr_line' id='line_1_26' title="bbox 183 1481 1307 1536; baseline 0 -15"><span class='ocrx_word' id='word_1_191' title='bbox 183 1481 224 1520; x_wconf 90' lang='lat' dir='ltr'><strong>in</strong></span> <span class='ocrx_word' id='word_1_192' title='bbox 244 1490 343 1530; x_wconf 89' lang='lat' dir='ltr'><strong>tuos,</strong></span> <span class='ocrx_word' id='word_1_193' title='bbox 363 1484 508 1523; x_wconf 88' lang='lat' dir='ltr'><strong>venisse</strong></span> <span class='ocrx_word' id='word_1_194' title='bbox 532 1485 783 1535; x_wconf 87' lang='lat' dir='ltr'><strong>haereditates,</strong></span> <span class='ocrx_word' id='word_1_195' title='bbox 806 1499 895 1525; x_wconf 93' lang='lat' dir='ltr'><strong>cum</strong></span> <span class='ocrx_word' id='word_1_196' title='bbox 913 1485 1052 1524; x_wconf 87' lang='lat' dir='ltr'><strong>Asiam</strong></span> <span class='ocrx_word' id='word_1_197' title='bbox 1071 1483 1307 1536; x_wconf 85' lang='lat' dir='ltr'><strong>provinciam</strong></span> 
     </span>
     <span class='ocr_line' id='line_1_27' title="bbox 184 1537 1308 1590; baseline 0.001 -17"><span class='ocrx_word' id='word_1_198' title='bbox 184 1537 372 1575; x_wconf 87' lang='lat' dir='ltr'><strong>consulari</strong></span> <span class='ocrx_word' id='word_1_199' title='bbox 400 1538 561 1589; x_wconf 88' lang='lat' dir='ltr'><strong>imperio</strong></span> <span class='ocrx_word' id='word_1_200' title='bbox 590 1540 789 1578; x_wconf 88' lang='lat' dir='ltr'><strong>obtineres.</strong></span> <span class='ocrx_word' id='word_1_201' title='bbox 833 1540 874 1578; x_wconf 88' lang='lat' dir='ltr'><strong>Si</strong></span> <span class='ocrx_word' id='word_1_202' title='bbox 904 1539 990 1590; x_wconf 89' lang='lat' dir='ltr'><strong>quis</strong></span> <span class='ocrx_word' id='word_1_203' title='bbox 1022 1552 1083 1577; x_wconf 91' lang='lat' dir='ltr'><strong>eas</strong></span> <span class='ocrx_word' id='word_1_204' title='bbox 1114 1551 1200 1576; x_wconf 91' lang='lat' dir='ltr'><strong>suas</strong></span> <span class='ocrx_word' id='word_1_205' title='bbox 1228 1549 1308 1575; x_wconf 89' lang='lat' dir='ltr'><strong>esse</strong></span> 
     </span>
     <span class='ocr_line' id='line_1_28' title="bbox 183 1590 1307 1644; baseline 0 -16"><span class='ocrx_word' id='word_1_206' title='bbox 183 1590 354 1639; x_wconf 77' lang='lat' dir='ltr'><strong>dixisset,</strong></span> <span class='ocrx_word' id='word_1_207' title='bbox 382 1593 655 1631; x_wconf 84' lang='lat' dir='ltr'><strong>concessisses?</strong></span> <span class='ocrx_word' id='word_1_208' title='bbox 685 1594 765 1642; x_wconf 87' lang='lat' dir='ltr'><strong>Tu,</strong></span> <span class='ocrx_word' id='word_1_209' title='bbox 792 1594 842 1632; x_wconf 84' lang='lat' dir='ltr'><strong>T.</strong></span> <span class='ocrx_word' id='word_1_210' title='bbox 864 1593 990 1640; x_wconf 88' lang='lat' dir='ltr'><strong>Vecti,</strong></span> <span class='ocrx_word' id='word_1_211' title='bbox 1011 1592 1043 1631; x_wconf 87' lang='lat' dir='ltr'><strong>si</strong></span> <span class='ocrx_word' id='word_1_212' title='bbox 1069 1605 1145 1644; x_wconf 85' lang='lat' dir='ltr'><strong>qua</strong></span> <span class='ocrx_word' id='word_1_213' title='bbox 1170 1591 1239 1629; x_wconf 86' lang='lat' dir='ltr'><strong>tibi</strong></span> <span class='ocrx_word' id='word_1_214' title='bbox 1265 1590 1307 1628; x_wconf 89' lang='lat' dir='ltr'><strong>in</strong></span> 
     </span>
     <span class='ocr_line' id='line_1_29' title="bbox 184 1644 1310 1693; baseline 0 -11"><span class='ocrx_word' id='word_1_215' title='bbox 184 1644 323 1683; x_wconf 70' lang='lat' dir='ltr'><strong>Africa</strong></span> <span class='ocrx_word' id='word_1_216' title='bbox 335 1647 478 1684; x_wconf 90' lang='lat' dir='ltr'><strong>venerit</strong></span> <span class='ocrx_word' id='word_1_217' title='bbox 491 1647 711 1693; x_wconf 86' lang='lat' dir='ltr'><strong>haereditas;</strong></span> <span class='ocrx_word' id='word_1_218' title='bbox 728 1661 800 1686; x_wconf 87' lang='lat' dir='ltr'><strong>usu</strong></span> <span class='ocrx_word' id='word_1_219' title='bbox 818 1647 995 1685; x_wconf 81' lang='lat' dir='ltr'><strong>amittes?</strong></span> <span class='ocrx_word' id='word_1_220' title='bbox 1018 1659 1066 1684; x_wconf 91' lang='lat' dir='ltr'><strong>an</strong></span> <span class='ocrx_word' id='word_1_221' title='bbox 1080 1653 1207 1693; x_wconf 86' lang='lat' dir='ltr'><strong>tuum,</strong></span> <span class='ocrx_word' id='word_1_222' title='bbox 1221 1644 1310 1682; x_wconf 91' lang='lat' dir='ltr'><strong>nul-</strong></span> 
     </span>
     <span class='ocr_line' id='line_1_30' title="bbox 183 1698 1308 1750; baseline 0.001 -15"><span class='ocrx_word' id='word_1_223' title='bbox 183 1698 223 1735; x_wconf 65' lang='lat' dir='ltr'><strong>la</strong></span> <span class='ocrx_word' id='word_1_224' title='bbox 242 1698 412 1747; x_wconf 62' lang='lat' dir='ltr'><strong>avaritia,</strong></span> <span class='ocrx_word' id='word_1_225' title='bbox 429 1699 530 1737; x_wconf 40' lang='lat' dir='ltr'><strong>salva</strong></span> <span class='ocrx_word' id='word_1_226' title='bbox 550 1700 747 1750; x_wconf 85' lang='lat' dir='ltr'><strong>dignitate,</strong></span> <span class='ocrx_word' id='word_1_227' title='bbox 764 1701 942 1739; x_wconf 87' lang='lat' dir='ltr'><strong>retinebis</strong></span> <span class='ocrx_word' id='word_1_228' title='bbox 956 1703 974 1739; x_wconf 73' lang='grc' dir='ltr'><em>Ρ</em></span> <span class='ocrx_word' id='word_1_229' title='bbox 994 1701 1052 1738; x_wconf 93' lang='lat' dir='ltr'><strong>At</strong></span> <span class='ocrx_word' id='word_1_230' title='bbox 1067 1700 1175 1738; x_wconf 91' lang='lat' dir='ltr'><strong>istius</strong></span> <span class='ocrx_word' id='word_1_231' title='bbox 1186 1699 1308 1737; x_wconf 85' lang='lat' dir='ltr'><strong>haere-</strong></span> 
     </span>
     <span class='ocr_line' id='line_1_31' title="bbox 185 1751 1308 1806; baseline 0 -17"><span class='ocrx_word' id='word_1_232' title='bbox 185 1751 327 1799; x_wconf 76' lang='lat' dir='ltr'><strong>ditatis,</strong></span> <span class='ocrx_word' id='word_1_233' title='bbox 351 1754 433 1802; x_wconf 89' lang='lat' dir='ltr'><strong>jam</strong></span> <span class='ocrx_word' id='word_1_234' title='bbox 461 1754 630 1792; x_wconf 91' lang='lat' dir='ltr'><strong>Globulo</strong></span> <span class='ocrx_word' id='word_1_235' title='bbox 651 1763 823 1806; x_wconf 87' lang='lat' dir='ltr'><strong>praetore,</strong></span> <span class='ocrx_word' id='word_1_236' title='bbox 851 1754 980 1793; x_wconf 88' lang='lat' dir='ltr'><strong>Flacci</strong></span> <span class='ocrx_word' id='word_1_237' title='bbox 999 1754 1167 1800; x_wconf 88' lang='lat' dir='ltr'><strong>nomine,</strong></span> <span class='ocrx_word' id='word_1_238' title='bbox 1188 1752 1308 1804; x_wconf 74' lang='lat' dir='ltr'><strong>petita</strong></span> 
     </span>
     <span class='ocr_line' id='line_1_32' title="bbox 184 1806 1308 1860; baseline 0 -17"><span class='ocrx_word' id='word_1_239' title='bbox 184 1818 211 1857; x_wconf 90' lang='lat' dir='ltr'><strong>p</strong></span> <span class='ocrx_word' id='word_1_240' title='bbox 237 1806 366 1844; x_wconf 86' lang='lat' dir='ltr'><strong>ssessio</strong></span> <span class='ocrx_word' id='word_1_241' title='bbox 386 1815 451 1845; x_wconf 88' lang='lat' dir='ltr'><strong>est.</strong></span> <span class='ocrx_word' id='word_1_242' title='bbox 483 1808 575 1846; x_wconf 90' lang='lat' dir='ltr'><strong>Non</strong></span> <span class='ocrx_word' id='word_1_243' title='bbox 594 1808 711 1859; x_wconf 86' lang='lat' dir='ltr'><strong>igitur</strong></span> <span class='ocrx_word' id='word_1_244' title='bbox 728 1808 938 1860; x_wconf 88' lang='lat' dir='ltr'><strong>impressio,</strong></span> <span class='ocrx_word' id='word_1_245' title='bbox 959 1821 1036 1846; x_wconf 91' lang='lat' dir='ltr'><strong>non</strong></span> <span class='ocrx_word' id='word_1_246' title='bbox 1055 1806 1214 1854; x_wconf 87' lang='lat' dir='ltr'><strong>occasio,</strong></span> <span class='ocrx_word' id='word_1_247' title='bbox 1230 1817 1308 1843; x_wconf 92' lang='lat' dir='ltr'><strong>non</strong></span> 
     </span>
     <span class='ocr_line' id='line_1_33' title="bbox 185 1806 1309 1954; baseline 0 -57"><span class='ocrx_word' id='word_1_248' title='bbox 185 1806 354 1954; x_wconf 33' lang='lat' dir='ltr'>vssknon</span> <span class='ocrx_word' id='word_1_249' title='bbox 373 1867 538 1912; x_wconf 82' lang='lat' dir='ltr'><strong>tempus,</strong></span> <span class='ocrx_word' id='word_1_250' title='bbox 559 1875 635 1899; x_wconf 89' lang='lat' dir='ltr'><strong>non</strong></span> <span class='ocrx_word' id='word_1_251' title='bbox 655 1863 875 1914; x_wconf 83' lang='lat' dir='ltr'><strong>imperium,</strong></span> <span class='ocrx_word' id='word_1_252' title='bbox 904 1874 980 1900; x_wconf 86' lang='lat' dir='ltr'><strong>non</strong></span> <span class='ocrx_word' id='word_1_253' title='bbox 1001 1874 1160 1909; x_wconf 89' lang='lat' dir='ltr'><strong>secures,</strong></span> <span class='ocrx_word' id='word_1_254' title='bbox 1181 1860 1231 1898; x_wconf 89' lang='lat' dir='ltr'><strong>ad</strong></span> <span class='ocrx_word' id='word_1_255' title='bbox 1248 1860 1309 1897; x_wconf 92' lang='lat' dir='ltr'><strong>in-</strong></span> 
     </span>
     <span class='ocr_line' id='line_1_34' title="bbox 182 1914 1203 1966; baseline 0.002 -16"><span class='ocrx_word' id='word_1_256' title='bbox 182 1915 261 1964; x_wconf 84' lang='lat' dir='ltr'><strong>jun</strong></span> <span class='ocrx_word' id='word_1_257' title='bbox 285 1926 326 1951; x_wconf 88' lang='lat' dir='ltr'><strong>m</strong></span> <span class='ocrx_word' id='word_1_258' title='bbox 345 1914 556 1952; x_wconf 82' lang='lat' dir='ltr'><strong>faciendam</strong></span> <span class='ocrx_word' id='word_1_259' title='bbox 576 1916 704 1954; x_wconf 85' lang='lat' dir='ltr'><strong>Flacci</strong></span> <span class='ocrx_word' id='word_1_260' title='bbox 722 1916 896 1954; x_wconf 87' lang='lat' dir='ltr'><strong>animum</strong></span> <span class='ocrx_word' id='word_1_261' title='bbox 911 1915 1160 1966; x_wconf 84' lang='lat' dir='ltr'><strong>impulerunt.</strong></span> <span class='ocrx_word' id='word_1_262' title='bbox 1200 1939 1203 1942; x_wconf 85' lang='lat'><strong>.</strong></span> 
     </span>
    </p>

    <p class='ocr_par' dir='ltr' id='par_1_5' title="bbox 183 1967 1309 2236">
     <span class='ocr_line' id='line_1_35' title="bbox 239 1967 1309 2021; baseline -0.001 -16"><span class='ocrx_word' id='word_1_263' title='bbox 239 1968 379 2019; x_wconf 88' lang='lat' dir='ltr'><strong>Itaque</strong></span> <span class='ocrx_word' id='word_1_264' title='bbox 398 1969 530 2006; x_wconf 89' lang='lat' dir='ltr'><strong>eodem</strong></span> <span class='ocrx_word' id='word_1_265' title='bbox 550 1969 610 2007; x_wconf 86' lang='lat' dir='ltr'><strong>M.</strong></span> <span class='ocrx_word' id='word_1_266' title='bbox 633 1970 774 2015; x_wconf 78' lang='lat' dir='ltr'><strong>Lurco,</strong></span> <span class='ocrx_word' id='word_1_267' title='bbox 790 1970 847 2008; x_wconf 91' lang='lat' dir='ltr'><strong>vir</strong></span> <span class='ocrx_word' id='word_1_268' title='bbox 865 1969 1046 2021; x_wconf 82' lang='lat' dir='ltr'><strong>optimus,</strong></span> <span class='ocrx_word' id='word_1_269' title='bbox 1067 1982 1176 2006; x_wconf 82' lang='lat' dir='ltr'><strong>meus</strong></span> <span class='ocrx_word' id='word_1_270' title='bbox 1194 1967 1309 2005; x_wconf 85' lang='lat' dir='ltr'><strong>fami-</strong></span> 
     </span>
     <span class='ocr_line' id='line_1_36' title="bbox 184 2021 1308 2073; baseline -0.002 -13"><span class='ocrx_word' id='word_1_271' title='bbox 184 2021 302 2069; x_wconf 83' lang='lat' dir='ltr'><strong>liaris,</strong></span> <span class='ocrx_word' id='word_1_272' title='bbox 329 2023 511 2060; x_wconf 87' lang='lat' dir='ltr'><strong>convertit</strong></span> <span class='ocrx_word' id='word_1_273' title='bbox 539 2023 716 2061; x_wconf 86' lang='lat' dir='ltr'><strong>aculeum</strong></span> <span class='ocrx_word' id='word_1_274' title='bbox 738 2023 944 2061; x_wconf 86' lang='lat' dir='ltr'><strong>testimonii</strong></span> <span class='ocrx_word' id='word_1_275' title='bbox 965 2023 1046 2061; x_wconf 91' lang='lat' dir='ltr'><strong>sui:</strong></span> <span class='ocrx_word' id='word_1_276' title='bbox 1088 2021 1255 2073; x_wconf 86' lang='lat' dir='ltr'><strong>negavit,</strong></span> <span class='ocrx_word' id='word_1_277' title='bbox 1283 2034 1308 2058; x_wconf 87' lang='lat' dir='ltr'><strong>a</strong></span> 
     </span>
     <span class='ocr_line' id='line_1_37' title="bbox 183 2075 1307 2129; baseline -0.002 -16"><span class='ocrx_word' id='word_1_278' title='bbox 183 2075 332 2127; x_wconf 87' lang='lat' dir='ltr'><strong>privato</strong></span> <span class='ocrx_word' id='word_1_279' title='bbox 350 2076 552 2126; x_wconf 89' lang='lat' dir='ltr'><strong>pecuniam</strong></span> <span class='ocrx_word' id='word_1_280' title='bbox 570 2077 611 2114; x_wconf 90' lang='lat' dir='ltr'><strong>in</strong></span> <span class='ocrx_word' id='word_1_281' title='bbox 629 2077 824 2128; x_wconf 63' lang='lat' dir='ltr'><strong>provincis</strong></span> <span class='ocrx_word' id='word_1_282' title='bbox 834 2085 1034 2129; x_wconf 88' lang='lat' dir='ltr'><strong>praetorem</strong></span> <span class='ocrx_word' id='word_1_283' title='bbox 1051 2084 1178 2127; x_wconf 85' lang='lat' dir='ltr'><strong>petere</strong></span> <span class='ocrx_word' id='word_1_284' title='bbox 1195 2087 1307 2125; x_wconf 88' lang='lat' dir='ltr'><strong>opor-</strong></span> 
     </span>
     <span class='ocr_line' id='line_1_38' title="bbox 184 2129 1304 2182; baseline -0.003 -14"><span class='ocrx_word' id='word_1_285' title='bbox 184 2137 274 2168; x_wconf 84' lang='lat' dir='ltr'><strong>tere.</strong></span> <span class='ocrx_word' id='word_1_286' title='bbox 304 2129 385 2167; x_wconf 91' lang='lat' dir='ltr'><strong>Cur</strong></span> <span class='ocrx_word' id='word_1_287' title='bbox 404 2130 572 2177; x_wconf 86' lang='lat' dir='ltr'><strong>tandem,</strong></span> <span class='ocrx_word' id='word_1_288' title='bbox 595 2131 656 2168; x_wconf 85' lang='lat' dir='ltr'><strong>M.</strong></span> <span class='ocrx_word' id='word_1_289' title='bbox 673 2131 815 2179; x_wconf 89' lang='lat' dir='ltr'><strong>Lurco,</strong></span> <span class='ocrx_word' id='word_1_290' title='bbox 831 2143 909 2169; x_wconf 91' lang='lat' dir='ltr'><strong>non</strong></span> <span class='ocrx_word' id='word_1_291' title='bbox 928 2130 1102 2182; x_wconf 81' lang='lat' dir='ltr'><strong>oportet?</strong></span> <span class='ocrx_word' id='word_1_292' title='bbox 1130 2129 1304 2181; x_wconf 85' lang='lat' dir='ltr'><strong>Eripere,</strong></span> 
     </span>
     <span class='ocr_line' id='line_1_39' title="bbox 184 2184 1308 2236; baseline -0.002 -15"><span class='ocrx_word' id='word_1_293' title='bbox 184 2190 421 2234; x_wconf 86' lang='lat' dir='ltr'><strong>extorquere,</strong></span> <span class='ocrx_word' id='word_1_294' title='bbox 435 2184 602 2235; x_wconf 85' lang='lat' dir='ltr'><strong>accipere</strong></span> <span class='ocrx_word' id='word_1_295' title='bbox 621 2192 749 2223; x_wconf 87' lang='lat' dir='ltr'><strong>contra</strong></span> <span class='ocrx_word' id='word_1_296' title='bbox 761 2185 878 2236; x_wconf 87' lang='lat' dir='ltr'><strong>leges,</strong></span> <span class='ocrx_word' id='word_1_297' title='bbox 897 2196 975 2223; x_wconf 92' lang='lat' dir='ltr'><strong>non</strong></span> <span class='ocrx_word' id='word_1_298' title='bbox 988 2190 1160 2236; x_wconf 86' lang='lat' dir='ltr'><strong>oportet:</strong></span> <span class='ocrx_word' id='word_1_299' title='bbox 1181 2189 1308 2234; x_wconf 83' lang='lat' dir='ltr'><strong>petere</strong></span> 
     </span>
    </p>
   </div>
  </div>
 </body>
</html>
