1425 2334
339 88 452 128 PRO
480 88 712 127 FLACCO.
743 89 845 127 GAP.
868 89 931 125 40.
1131 89 1182 126 39

84 194 209 244 potius
226 194 273 232 de
290 195 455 245 praemiis
472 194 580 244 meis,
600 207 717 247 quam
735 195 782 233 de
800 194 925 246 poenss,
945 194 1187 245 cogitandum

83 254 200 297 putet.

139 300 339 339 XXXIX.
370 301 408 340 Ο
423 302 491 340 Dii
509 302 739 341 immortales
755 303 764 340 !
795 301 888 353 quid
900 302 970 340 hoc
983 301 1155 339 miserius
1170 304 1187 339 ἲ

85 365 168 400 1105,
188 354 256 404 qui
276 355 320 392 P.
341 355 506 393 Lentulo
524 355 666 393 ferrum
686 365 722 394 et
738 356 934 393 flammam
948 355 994 392 de
1014 354 1189 392 manibus

85 419 131 444 ex
137 407 324 454 torsimus,
333 409 517 459 imperitae
528 409 782 447 multitudinis
790 408 932 458 judicio
943 407 1190 452 confidimus,
1179 421 1190 431 ·

85 460 372 499 lectissimorum
405 462 545 500 civium
570 470 607 500 et
638 463 958 513 amplissimorum
992 461 1192 499 sententias

86 513 398 573 pertimescimus
439 515 500 553 Μ’
521 515 741 576 Aquillium
760 523 883 567 patres
908 514 1038 562 nostri,
1059 514 1191 551 multis

86 566 252 604 avaritiae
276 568 497 607 criminibus
522 569 820 620 testimoniisque
847 568 1074 615 convictum,
1101 567 1192 618 quia

88 631 177 657 cum
191 619 360 671 fugitivis
379 621 523 660 fortiter
540 623 685 660 bellum
704 629 880 673 gesserat,
897 621 1040 671 judicio
1057 621 1194 658 libera-

89 681 236 711 verunt.
265 674 409 712 Consul
423 688 493 726 ego
511 688 631 727 nuper
646 676 797 714 defendi
815 675 860 714 C.
882 675 1081 719 Pisonem3
1111 673 1193 725 qui,

89 726 180 776 quia
205 728 335 766 consul
356 728 463 767 fortis
486 737 732 780 constansque
757 729 892 776 fuerat,
918 727 1118 766 incolumis
1140 734 1196 764 est

90 779 307 830 reipublicae
325 789 573 820 conservatus.
605 782 769 820 Defendi
783 783 874 820 item
887 781 1018 819 consul
1037 780 1084 818 L.
1100 781 1196 818 Mu-

89 845 235 881 renam,
248 834 438 872 consulem
451 835 708 885 designatum:
724 848 836 873 nemo
847 835 1000 872 illorum
1009 833 1197 882 judicum,

91 885 306 924 clarissimis
319 887 408 926 viris
426 889 699 935 accusantibus,
713 888 944 926 audiendum
962 887 1035 925 sibi
1053 887 1099 924 de
1117 899 1200 924 am-

92 938 175 977 bitu
187 940 347 990 putavit,
356 953 459 989 cum,
468 942 611 979 bellum
621 943 701 991 jam
710 949 860 992 gerente
868 940 1045 987 Catilina,
1054 952 1199 987 omnes,

93 1004 156 1030 me
174 1000 337 1042 auctore,
357 994 452 1032 duos
471 996 641 1034 consules
660 994 837 1033 Calendis
854 994 1048 1033 «Ianuariis
1066 993 1202 1031 scirent

93 1058 173 1083 esse
191 1054 370 1097 oportere.
401 1048 586 1086 Innocens
607 1056 643 1086 et
665 1050 786 1086 bonus
804 1048 874 1094 vir,
895 1054 932 1085 et
949 1047 1125 1085 omnibus
1143 1059 1201 1084 re-

95 1100 166 1136 bus
184 1106 353 1148 ornatus,
375 1100 434 1138 bis
452 1101 523 1138 hoc
541 1113 654 1149 anno,
673 1113 737 1139 me
750 1100 985 1148 defendente,
997 1100 1201 1147 ,absolutus

96 1159 165 1200 est,
185 1152 239 1190 A.
260 1152 465 1192 Thermus.
496 1154 665 1203 Quanta,
687 1154 902 1204 reipublicae
926 1151 1052 1200 causa,
1071 1153 1202 1190 laetitia

95 1205 228 1256 populi
259 1206 441 1255 Romani,
471 1214 615 1258 quanta
646 1207 862 1258 gratulatio,
893 1212 1090 1244 consecuta
1120 1206 1198 1243 est!

96 1260 256 1310 Semper
273 1272 404 1310 graves
423 1267 460 1298 et
478 1260 663 1311 sapientes
679 1260 839 1309 judices,
854 1260 894 1297 in
905 1261 1018 1297 rebus
1030 1258 1204 1307 judican-

96 1311 169 1359 dis,
185 1312 279 1362 quid
297 1312 440 1351 utilitas
459 1313 632 1360 civitatis,
649 1313 742 1364 quid
756 1313 968 1351 communis
981 1312 1098 1359 salus,
1114 1311 1207 1363 quid

97 1365 313 1416 reipublicae
330 1372 501 1417 tempora
513 1373 720 1417 poscerent,
733 1366 1002 1416 cogitaverunt.
1032 1365 1133 1403 Cum
1147 1372 1204 1403 ta-

98 1419 199 1456 bella
209 1419 314 1457 vobis
324 1419 490 1467 dabitur,
498 1419 658 1468 judices,
671 1431 747 1457 non
765 1419 812 1457 (10
824 1420 959 1457 Flacco
977 1418 1128 1456 dabitur
1147 1431 1204 1456 so-

98 1471 201 1509 lumx
231 1471 382 1510 dabitur
399 1472 447 1510 de
460 1472 618 1511 ducibus
637 1473 927 1523 auctoribusque
945 1472 1206 1510 conservandae

99 1524 260 1563 civitatis
277 1539 287 1563 ε
318 1525 469 1564 dabitur
486 1526 534 1563 de
547 1527 723 1564 omnibus
736 1526 844 1564 bonis
863 1525 1023 1564 civibus:
1055 1525 1206 1564 dabitur

99 1578 149 1616 de
163 1578 348 1617 vobismet
365 1578 480 1630 ipsis:
509 1579 661 1617 dabitur
679 1580 726 1617 de
743 1578 870 1617 liberis
883 1578 1029 1625 vestris,
1049 1578 1096 1616 de
1115 1577 1206 1625 vita,

102 1631 150 1669 de
172 1632 309 1682 patria,
325 1632 371 1670 de
389 1632 510 1671 salute
523 1632 728 1670 communi.
762 1634 853 1672 Non
868 1632 1060 1682 judicatis,
1079 1631 1119 1668 in
1137 1631 1209 1669 hac

100 1697 228 1732 causa,
247 1684 295 1723 de
313 1685 448 1724 exteris
465 1685 694 1734 nationibus,
714 1698 790 1724 non
808 1685 856 1724 de
873 1685 1002 1724 sociis:
1022 1685 1070 1723 de
1088 1684 1208 1732 vobis,

104 1750 148 1776 ac
165 1738 287 1776 vestra
304 1739 510 1790 republica,
526 1739 715 1789 judicatis.

156 1791 247 1829 XL.
276 1791 393 1839 Quod
405 1792 435 1830 si
448 1793 726 1843 provinciarum
740 1805 806 1831 vos
824 1792 918 1831 ratio
931 1790 1053 1842 magis
1067 1797 1207 1839 movet,

106 1856 223 1895 quam
241 1851 388 1891 vestra;
427 1858 496 1896 ego
524 1859 612 1885 vero
636 1858 712 1883 non
735 1846 850 1884 modo
874 1858 950 1883 non
974 1857 1118 1892 recuso,
1144 1844 1211 1882 sed

105 1897 220 1935 etiam
248 1899 412 1948 postulo,
438 1907 482 1936 ut
510 1899 787 1951 provinciarum
813 1899 1032 1937 auctoritate
1060 1910 1211 1935 movea-

105 1950 214 1987 mini.
249 1950 405 1989 Etenim
427 1964 660 2003 opponemus
679 1952 785 1990 Asiae
813 1952 1015 2013 provinciae
1039 1951 1210 2002 primum

104 2015 285 2054 magnam
303 2011 449 2054 partem
474 2005 642 2054 ejusdem
661 2005 876 2057 provinciae,
899 2019 985 2056 quae
1002 2017 1071 2055 pro
1093 2005 1210 2052 hujus

105 2057 279 2106 periculis
296 2057 437 2108 legatos
454 2058 740 2110 laudatoresque
753 2059 876 2097 misit:
906 2058 1041 2097 deinde
1059 2070 1150 2108 prov
1154 2057 1211 2092 in-

105 2109 203 2147 ciam
222 2109 405 2159 Galliam,
420 2111 652 2162 provinciam
665 2112 852 2158 Ciliciam,
867 2110 1099 2163 provinciam
1120 2109 1213 2146 His-

103 2162 274 2212 paniam,
294 2163 526 2215 provinciam
541 2165 707 2204 Cretam.
745 2164 887 2204 Graecis
912 2171 1055 2211 autem,
1077 2161 1211 2212 Lydss,
