1425 2334
369 89 482 127 PRO
511 89 734 129 SEXTIO.
765 91 870 127 GAP.
893 93 954 126 50.
1136 90 1213 133 307

113 195 217 232 bant.
247 195 328 242 Qui
348 203 475 233 autem
495 196 788 234 adversabantur
814 196 847 233 ei
865 196 1005 246 generi,
1032 208 1161 245 graves
1181 203 1216 233 et

113 247 242 297 magni
270 248 440 286 homines
465 249 722 287 habebantur:
754 249 817 287 sed
837 250 1010 286 valebant
1027 249 1065 285 in
1086 256 1215 286 senatu

110 301 292 348 multum,
319 301 421 352 apud
446 303 563 340 bonos
587 302 683 339 viros
706 302 941 353 plurimum:
979 301 1216 338 multitudini

101 353 262 401 jucundi
285 366 361 392 non
381 363 510 392 erant:
540 355 728 406 suffragiis
745 355 1004 393 offendebatur
1030 367 1127 404 saepe
1152 368 1214 392 eo-

105 418 192 445 rum
210 407 408 446 voluntas:
429 409 607 459 plausum
620 422 707 447 vero
726 409 838 446 etiam
854 409 884 446 si
896 408 980 459 quis
998 419 1127 446 eorum
1143 408 1210 445 ali-

106 460 258 510 quando
276 471 480 512 acceperat,
504 474 552 499 ne
579 462 672 513 quid
696 463 895 513 peccasset,
915 461 1211 512 pertimescebat.

106 514 307 561 Attamen,
328 515 359 552 si
381 528 458 565 qua
486 528 544 553 res
569 523 647 553 erat
668 517 803 565 major,
829 515 931 553 idem
958 514 1021 552 ille
1049 515 1212 565 populus

103 565 241 604 horum
260 569 479 606 auctoritate
496 569 664 607 maxime
682 570 998 607 commovebatur.

157 619 206 657 L.
236 620 354 659 Nunc
373 621 460 663 (nisi
478 635 540 660 me
558 622 672 669 fallit)
691 623 731 660 in
751 635 794 660 eo
812 629 912 660 statu
931 621 1061 660 civitas
1080 628 1149 665 est,
1170 629 1212 658 ut

104 672 135 710 si
149 685 279 723 operas
297 674 565 713 conductorum
585 676 799 724 removeris,
820 688 950 713 omnes
967 675 1070 712 idem
1090 674 1136 711 de
1154 687 1212 711 re-

105 726 259 776 publica
284 728 428 766 sensuri
455 741 533 767 esse
558 729 766 767 videantur.
802 729 958 766 Etenim
983 728 1102 766 tribus
1123 728 1213 765 locis

103 779 302 829 significari
316 781 484 820 maxime
495 783 626 833 populi
638 782 805 820 Romani
820 782 1006 832 judicium
1021 794 1064 818 ac
1078 781 1213 819 volun„

104 839 160 870 tas
178 840 312 883 potest,
333 835 521 881 concione,
550 835 723 883 comitiis,
744 835 921 873 ludorum
940 834 1210 885 gladiatorum-

103 899 179 936 que
197 899 383 926 consessu.
421 889 522 936 Quae
540 889 667 927 concio
685 889 759 926 fuit
780 902 846 940 per
868 889 936 926 hos
954 900 1085 934 annos,
1108 891 1211 937 (qu-ce

102 939 258 989 quidem
278 949 372 979 esset
390 953 463 979 non
485 943 680 989 conducta,
707 942 773 980 sed
793 950 895 989 vera)
918 942 958 978 in
981 941 1059 992 qua
1077 941 1209 991 populi

104 993 270 1031 Romani
288 1007 487 1033 consensus
498 996 657 1046 perspici
675 1008 751 1033 non
770 995 920 1046 posset?
950 994 1105 1032 Habitae
1123 1001 1211 1031 sunt

101 1046 235 1084 multae
253 1047 300 1085 de
317 1060 380 1086 me
393 1061 416 1086 a
429 1048 635 1099 gladiatore
653 1049 946 1096 sceleratissimo,
967 1047 1016 1085 ad
1034 1060 1128 1097 quas
1146 1058 1212 1083 ne-

101 1111 167 1137 mo
190 1099 319 1138 adibat
342 1101 595 1153 incorruptus,
623 1115 736 1140 nemo
759 1103 926 1152 integer:
956 1113 1069 1138 nemo
1097 1100 1206 1136 illum

100 1152 244 1191 foedum
256 1155 407 1192 vultum
422 1155 624 1206 adspicere,
640 1168 752 1193 nemo
763 1156 937 1193 furialem
945 1166 1074 1192 vocem
1088 1154 1211 1191 bonus

99 1206 243 1255 audire,
255 1215 411 1258 poterat.
426 1209 562 1257 Erant,
572 1217 678 1247 erant
687 1209 763 1246 illae
774 1209 966 1247 conciones
977 1206 1208 1258 perditorum

98 1258 300 1297 hominum
319 1262 524 1300 necessario
542 1263 782 1300 turbulentae.

150 1312 316 1361 Habuit,
338 1314 385 1352 de
403 1315 534 1353 eodem
554 1328 629 1362 me,
651 1316 696 1352 P.
713 1316 904 1353 Lentulus
923 1313 1054 1352 consul
1064 1313 1209 1351 concio-

96 1377 212 1404 nem:
243 1379 448 1405 concursus
471 1375 525 1406 est
545 1368 679 1419 populi
704 1368 872 1406 Romani
896 1367 1042 1405 factus:
1077 1378 1208 1403 omnes

95 1418 257 1467 ordines,
286 1427 365 1458 tota
391 1421 431 1458 in
457 1422 525 1459 illa
553 1421 731 1460 concione
756 1421 870 1459 Italia
897 1419 1073 1459 constitit.
1113 1419 1206 1469 Egit

95 1485 248 1513 causam
267 1473 416 1511 summa
427 1487 515 1513 cum
533 1475 715 1526 gravitate
733 1474 914 1526 copiaque
928 1473 1089 1520 dicendi,
1102 1479 1207 1510 tanto

95 1526 256 1572 silentio,
268 1528 377 1566 tanta
387 1528 655 1579 approbatione
665 1528 854 1575 omnium,
870 1527 966 1565 nihil
977 1533 1021 1564 ut
1034 1538 1205 1577 unquam

98 1579 284 1617 videretur
300 1588 381 1618 tam
406 1582 588 1632 populare
606 1582 654 1620 ad
673 1581 807 1633 populi
826 1581 993 1620 Romani
1017 1593 1126 1617 aures
1144 1592 1205 1617 ac-

99 1631 243 1671 cidisse.
275 1633 485 1673 Productus
507 1642 563 1674 est
587 1637 635 1674 ab
661 1648 704 1673 eo
730 1636 802 1674 Cn.
829 1634 1049 1685 Pompeius,
1079 1632 1146 1683 qui
1164 1645 1203 1670 se

98 1696 174 1723 non
186 1686 309 1724 solum
323 1695 512 1726 auctorem
523 1701 619 1726 meae
631 1689 776 1735 salutis,
789 1688 854 1726 sed
869 1687 982 1726 etiam
994 1686 1203 1737 supplicem

97 1739 239 1788 populo
253 1740 442 1788 Romano,
455 1742 638 1780 exhibuit.
669 1743 800 1791 Hujus
819 1741 935 1780 oratio
947 1748 984 1778 et
996 1738 1200 1791 pergravis,

98 1801 136 1829 et
145 1798 252 1842 grata
263 1793 444 1842 concioni,
457 1794 531 1832 fuit
546 1810 556 1832 ε
585 1795 638 1833 sic
656 1795 853 1841 contendo,
868 1806 1066 1844 nunquam
1079 1804 1202 1842 neque

97 1845 320 1883 sententiam
335 1848 416 1895 ejus
427 1848 658 1897 auctoritate,
667 1860 790 1900 neque
801 1846 1054 1899 eloquentiam
1062 1846 1201 1893 jucun-

98 1897 228 1945 ditate,
248 1898 362 1938 fuisse
379 1901 532 1950 majore.

151 1950 242 1998 Quo
271 1952 417 1991 silentio
446 1961 535 1992 sunt
563 1955 683 1993 auditi
704 1956 751 1993 de
779 1968 842 1993 me
867 1953 989 1992 caeteri
1015 1950 1203 2003 principes

99 2003 280 2043 civitatis!
311 2020 406 2057 quos
428 2007 564 2046 idcirco
582 2021 655 2046 non
680 2009 829 2060 appello
848 2009 918 2045 hoc
936 2006 1031 2051 loco,
1052 2017 1099 2041 ne
1116 2017 1201 2041 mea

96 2057 227 2103 oratio,
249 2058 278 2096 si
298 2060 424 2097 minus
442 2060 488 2098 de
507 2061 634 2113 aliquo
648 2063 791 2105 dixem,
806 2062 952 2109 ingrata
968 2073 979 2103 ;
1009 2058 1039 2096 si
1054 2057 1142 2095 satis
1153 2057 1200 2094 dc

99 2110 289 2156 omnibus,
306 2112 466 2159 infinita,
487 2128 564 2153 csse
577 2115 756 2152 videatur.
793 2116 806 2150 (
817 2115 894 2151 'cdo
915 2124 1014 2149 nunc
1033 2110 1200 2159 ejusdem

92 2162 193 2204 illius
211 2164 355 2207 inimici
373 2167 461 2213 mci,
474 2167 524 2207 vde
544 2181 605 2211 me
625 2169 771 2207 eodem,
794 2167 841 2204 ad
862 2178 990 2204 verum
1012 2163 1197 2215 populum
