1425 2334
257 117 398 159 POST
416 116 696 157 ‘REDITUM
726 118 760 156 Ι.
790 118 894 157 cu.
924 121 960 156 8.
1084 120 1156 160 101

66 225 372 277 prostantissimo
389 224 483 271 viro,
503 225 554 264 T.
574 224 720 272 Annio,
739 223 862 262 dicam
879 227 897 263 ,⁹
925 231 992 263 aut
1015 225 1100 277 quis
1119 226 1167 265 de

66 278 135 317 tali
166 279 246 317 cive
274 279 362 318 satis
390 277 503 328 digne
531 291 702 330 unquam
730 279 938 329 loquetur?
967 279 1048 329 qui,
1079 292 1167 317 cum

66 331 222 379 videret,
253 332 475 370 sceleratum
502 332 637 379 civem,
670 339 736 369 aut
765 331 1011 369 domesticum
1043 333 1168 382 potius

68 384 229 432 hostem,
254 385 283 422 si
311 386 457 435 legibus
478 386 535 424 uti
562 385 701 431 liceret,
722 385 863 434 judicio
889 397 965 422 esse
994 385 1170 435 frangen-

70 437 191 484 (111111,
221 438 277 476 5111
302 438 384 489 ipsa
404 438 546 487 judicia
565 439 619 476 vis
641 439 839 489 impediret
864 451 906 475 38
924 416 1102 484 tolleret?
1104 451 1171 476 au-

71 490 218 529 daciam
260 491 411 538 virtute,
449 491 616 531 furorem
651 491 884 540 fortitudine,
922 491 1173 529 temeritatem

71 545 239 593 consilio,
271 557 430 582 manum
459 558 592 594 manu,
618 545 696 583 vim
719 545 756 582 vi
785 557 863 582 esse
891 544 1172 594 superandam3

71 598 197 648 primo
224 597 271 636 de
296 598 334 636 vi
361 599 575 648 postulavit.
604 598 857 658 Posteaquam
882 599 929 635 ab
955 597 1086 635 eodem
1111 598 1175 646 ju-

72 650 170 689 dicia
187 651 336 689 sublata
353 664 431 689 esse
449 653 568 698 vidit;
598 664 646 689 ne
666 651 730 688 ille
753 651 881 689 omnia
899 651 936 688 vi
953 658 1077 700 posset
1096 650 1176 688 effi-

73 715 168 752 cere,
193 704 364 742 curavit:
395 705 462 755 qui
488 705 628 751 docuit,
655 716 778 754 neque
802 711 912 751 18813,
932 716 1056 754 neque
1079 710 1176 742 tem-

73 757 152 807 pla,
171 769 295 808 neque
319 757 459 818 forn-m,
490 770 612 808 neque
635 757 792 816 curiam,
823 757 903 794 sine
925 756 1077 794 5111111113
1102 757 1177 795 vir-

50 835 58 845 .
77 817 160 848 tute
183 823 226 848 38
250 811 429 848 maximis
447 812 582 862 opibus
601 817 637 847 et
655 810 784 860 copiis,
805 811 852 847 ab
870 809 1046 847 intestino
1063 810 1178 848 latro-

75 863 173 901 cinio
191 876 300 914 posse
317 863 492 902 defendi:
523 863 590 915 qui
608 862 767 914 primus,
787 869 872 912 post
895 875 1025 900 meum
1044 862 1179 901 (115885-

77 928 177 963 511111,
203 924 349 954 1118111111
374 917 495 964 bonis,
522 930 628 968 spem
653 916 871 964 audacibus,
898 915 1073 954 timorem
1090 916 1181 955 huic

75 969 211 1016 ordini,
231 969 447 1008 servitutem
466 970 611 1021 depulit
630 969 782 1007 civitati.

129 1022 261 1070 Quam
279 1023 462 1061 rationem
481 1023 563 1075 pari
587 1024 738 1070 virtute,
759 1021 899 1069 31111110,
913 1022 1000 1069 fide,
1021 1023 1067 1060 P.
1085 1022 1180 1061 Sex-

76 1075 151 1114 tius
181 1083 341 1121 secutus,
362 1088 430 1127 pro
448 1078 535 1115 11183
561 1077 694 1123 5311118,
715 1089 784 1126 pro
803 1076 927 1113 vestra
945 1076 1178 1124 auctoritate,

77 1141 147 1180 pro
177 1136 276 1167 statu
308 1129 481 1178 civitatis,
515 1130 639 1168 nullas
672 1129 742 1167 sibi
770 1128 1000 1175 inimicitias,
1031 1129 1179 1166 nullam

78 1182 171 1230 vim,
198 1183 323 1221 nullos
349 1182 529 1234 impetus,
551 1184 704 1222 nullum
726 1183 814 1220 vitae
831 1181 1031 1220 discrimen
1059 1182 1184 1220 vitan-

79 1235 175 1273 dum
204 1248 375 1296 unquam
394 1237 565 1287 putavit.
597 1236 665 1288 qui
683 1249 835 1274 causam
861 1237 1023 1282 senatus,
1054 1235 1183 1285 exagi-

80 1294 200 1326 tatam
229 1289 468 1328 concionibus
497 1290 773 1342 improborum,
804 1289 857 1326 518
887 1302 957 1326 5113
988 1288 1184 1339 diligentia

79 1342 320 1380 multitudini
351 1344 641 1390 commendavit,
672 1350 717 1380 ut
747 1342 844 1379 nihil
874 1349 954 1379 tam
985 1341 1182 1392 populare,

81 1407 199 1446 quam
228 1403 393 1434 vestrum
425 1409 578 1445 nomen,
611 1396 708 1434 nihil
737 1403 816 1433 tam
843 1394 1020 1432 omnibus
1053 1407 1183 1432 carum

80 1448 298 1499 aliquando,
329 1462 446 1501 quam
475 1458 596 1488 vestra
624 1449 838 1495 auctoritas,
871 1447 1083 1486 videretur:
1115 1447 1184 1498 qui

82 1513 146 1540 me
164 1514 252 1540 cum
277 1504 452 1541 omnibus
476 1505 601 1552 rebus,
621 1503 759 1554 quibus
785 1502 959 1540 tribunus
977 1500 1098 1552 plebis
1115 1513 1186 1551 po-

84 1555 173 1602 tuit,
193 1555 372 1603 defendit,
393 1563 477 1594 tum
495 1556 648 1617 reliquis
666 1555 808 1603 officiis,
835 1556 948 1604 juxta
966 1567 1009 1592 ac
1027 1554 1060 1592 si
1076 1566 1186 1592 meus

85 1608 200 1646 frater
217 1616 326 1657 esset,
346 1610 592 1648 sustentavit.
622 1610 731 1659 cujus
749 1621 818 1659 ego
842 1608 1053 1655 clientibus,
1072 1607 1188 1645 liber-

85 1661 147 1708 tis,
178 1661 337 1709 familia,
365 1663 494 1713 copiis,
520 1662 650 1711 literis,
681 1663 734 1700 ita
757 1675 843 1700 sum
872 1667 1114 1707 sustentatus,
1143 1666 1189 1698 ut

87 1726 183 1753 meae
211 1715 432 1754 calamitatis
462 1729 540 1754 non
572 1716 721 1765 adjutor
749 1715 889 1763 solum,
917 1727 1051 1753 verum
1073 1714 1188 1752 etiam

90 1767 225 1816 5081115,
245 1768 444 1807 videretur.

144 1821 238 1858 Jam
267 1829 485 1860 caeterorum
503 1821 625 1860 officia
645 1821 846 1872 studiaque
874 1820 1041 1859 vidistis·
1072 1833 1189 1879 quam

90 1874 250 1925 cupidus
284 1875 361 1913 mei
389 1875 434 1913 C.
468 1875 656 1923 Cestilius,
688 1888 804 1927 quam
841 1874 1028 1912 studiosus
1063 1873 1190 1918 vestri,

93 1940 211 1978 quam
229 1939 305 1965 non
323 1928 447 1967 varius
464 1928 605 1967 fuerit
595 1941 635 1966 111
654 1941 777 1966 831153.
805 1927 913 1975 Quid
931 1927 991 1964 Μ.
1008 1926 1193 1977 Cispius?

93 1980 156 2018 cui
174 1993 243 2031 ego
260 1981 346 2032 ipsi,
372 1982 531 2032 parenti,
551 1981 732 2033 fratrique
754 1982 848 2031 ejus,
868 1981 987 2019 sentio
1005 1987 1193 2031 quantum

96 2033 282 2079 debeam,
313 2034 393 2086 qui,
414 2048 502 2073 cum
520 2048 542 2073 a
569 2048 632 2073 1118
650 2035 823 2073 voluntas
842 2047 971 2072 eorum
989 2034 1029 2071 in
1048 2032 1194 2095 privato

92 2086 236 2136 judicio
262 2095 357 2126 esset
384 2088 539 2137 offensa,
557 2088 702 2141 publici
725 2088 802 2126 mei
824 2087 995 2126 beneficii
1013 2083 1197 2124 memoria

97 2139 283 2190 privatam
312 2141 555 2180 offensionem
586 2143 887 2181 obliteraverunt.
929 2141 957 2178 J
960 2152 1023 2178 am
1047 2138 1098 2175 T.
1122 2137 1197 2175 Fa-

99 2192 198 2242 dius,
218 2193 286 2246 qui
309 2194 406 2234 mihi
430 2203 592 2247 quaeswr
615 2195 702 2245 fuit,
721 2195 786 2234 Μ’
805 2193 975 2284 Cui-figis,
995 2192 1104 2241 cujus
1129 2201 1198 2240 ego

858 2258 886 2285 K
