<?xml version="1.0" encoding="UTF-8"?>
<!DOCTYPE html PUBLIC "-//W3C//DTD XHTML 1.0 Transitional//EN"
    "http://www.w3.org/TR/xhtml1/DTD/xhtml1-transitional.dtd">
<html xmlns="http://www.w3.org/1999/xhtml" xml:lang="en" lang="en">
 <head>
  <title>
</title>
<meta http-equiv="Content-Type" content="text/html;charset=utf-8" />
  <meta name='ocr-system' content='tesseract 3.04.00' />
  <meta name='ocr-capabilities' content='ocr_page ocr_carea ocr_par ocr_line ocrx_word'/>
</head>
<body>
  <div class='ocr_page' id='page_1' title='image "./operaern07ciceuoft_0184.png"; bbox 0 0 1455 2343; ppageno 0'>
   <div class='ocr_carea' id='block_1_1' title="bbox 242 81 1133 126">
    <p class='ocr_par' dir='ltr' id='par_1_1' title="bbox 242 81 1133 126">
     <span class='ocr_line' id='line_1_1' title="bbox 242 81 1133 126; baseline 0 -7"><span class='ocrx_word' id='word_1_1' title='bbox 242 81 316 126; x_wconf 87' lang='grc'>170</span> <span class='ocrx_word' id='word_1_2' title='bbox 445 82 558 122; x_wconf 87' lang='lat' dir='ltr'>PRO</span> <span class='ocrx_word' id='word_1_3' title='bbox 586 82 758 122; x_wconf 87' lang='lat' dir='ltr'><strong>DOMO</strong></span> <span class='ocrx_word' id='word_1_4' title='bbox 788 83 909 121; x_wconf 83' lang='lat' dir='ltr'>SUA.</span> <span class='ocrx_word' id='word_1_5' title='bbox 941 82 1047 121; x_wconf 67' lang='lat' dir='ltr'>Cn».</span> <span class='ocrx_word' id='word_1_6' title='bbox 1068 82 1133 120; x_wconf 77' lang='lat'>44.</span> 
     </span>
    </p>
   </div>
   <div class='ocr_carea' id='block_1_2' title="bbox 235 188 1363 2176">
    <p class='ocr_par' dir='ltr' id='par_1_2' title="bbox 235 188 1345 281">
     <span class='ocr_line' id='line_1_2' title="bbox 235 188 1345 241; baseline -0.001 -15"><span class='ocrx_word' id='word_1_7' title='bbox 235 190 402 240; x_wconf 85' lang='lat' dir='ltr'>oppressi</span> <span class='ocrx_word' id='word_1_8' title='bbox 421 193 569 230; x_wconf 62' lang='lat' dir='ltr'>senatus</span> <span class='ocrx_word' id='word_1_9' title='bbox 588 191 637 229; x_wconf 86' lang='lat' dir='ltr'>ad</span> <span class='ocrx_word' id='word_1_10' title='bbox 651 192 873 229; x_wconf 83' lang='lat' dir='ltr'>memoriam</span> <span class='ocrx_word' id='word_1_11' title='bbox 893 190 1162 241; x_wconf 79' lang='lat' dir='ltr'>sempiternam</span> <span class='ocrx_word' id='word_1_12' title='bbox 1179 188 1345 239; x_wconf 87' lang='lat' dir='ltr'>turpitu-</span> 
     </span>
     <span class='ocr_line' id='line_1_3' title="bbox 235 243 368 282; baseline 0.008 -2"><span class='ocrx_word' id='word_1_13' title='bbox 235 243 368 282; x_wconf 82' lang='lat' dir='ltr'>dinis?</span> 
     </span>
    </p>

    <p class='ocr_par' dir='ltr' id='par_1_3' title="bbox 236 296 1355 941">
     <span class='ocr_line' id='line_1_4' title="bbox 289 296 1343 358; baseline -0.001 -24"><span class='ocrx_word' id='word_1_14' title='bbox 289 297 327 335; x_wconf 93' lang='grc' dir='ltr'>Ο</span> <span class='ocrx_word' id='word_1_15' title='bbox 343 297 489 358; x_wconf 87' lang='lat' dir='ltr'>Quinte</span> <span class='ocrx_word' id='word_1_16' title='bbox 503 298 663 337; x_wconf 88' lang='lat' dir='ltr'>Catule!</span> <span class='ocrx_word' id='word_1_17' title='bbox 687 300 898 349; x_wconf 86' lang='lat' dir='ltr'>(patremne</span> <span class='ocrx_word' id='word_1_18' title='bbox 910 298 1114 349; x_wconf 79' lang='lat' dir='ltr'>appellem,</span> <span class='ocrx_word' id='word_1_19' title='bbox 1127 310 1175 335; x_wconf 92' lang='lat' dir='ltr'>an</span> <span class='ocrx_word' id='word_1_20' title='bbox 1190 296 1336 334; x_wconf 87' lang='lat' dir='ltr'>filium.</span> <span class='ocrx_word' id='word_1_21' title='bbox 1325 297 1343 318; x_wconf 77' lang='lat'>&#39;²</span> 
     </span>
     <span class='ocr_line' id='line_1_5' title="bbox 236 349 1347 400; baseline -0.002 -12"><span class='ocrx_word' id='word_1_22' title='bbox 236 351 418 390; x_wconf 86' lang='lat' dir='ltr'><strong>recentior</strong></span> <span class='ocrx_word' id='word_1_23' title='bbox 435 353 619 390; x_wconf 86' lang='lat' dir='ltr'>memoria</span> <span class='ocrx_word' id='word_1_24' title='bbox 646 353 716 390; x_wconf 87' lang='lat' dir='ltr'>filii</span> <span class='ocrx_word' id='word_1_25' title='bbox 735 361 802 400; x_wconf 89' lang='lat' dir='ltr'>est,</span> <span class='ocrx_word' id='word_1_26' title='bbox 827 359 864 390; x_wconf 90' lang='lat' dir='ltr'>et</span> <span class='ocrx_word' id='word_1_27' title='bbox 882 365 971 390; x_wconf 88' lang='lat' dir='ltr'>cum</span> <span class='ocrx_word' id='word_1_28' title='bbox 989 353 1101 389; x_wconf 89' lang='lat' dir='ltr'>rebus</span> <span class='ocrx_word' id='word_1_29' title='bbox 1119 351 1214 389; x_wconf 90' lang='lat' dir='ltr'>meis</span> <span class='ocrx_word' id='word_1_30' title='bbox 1232 349 1347 400; x_wconf 88' lang='lat' dir='ltr'>gestis</span> 
     </span>
     <span class='ocr_line' id='line_1_6' title="bbox 237 405 1345 453; baseline -0.002 -11"><span class='ocrx_word' id='word_1_31' title='bbox 237 406 492 453; x_wconf 86' lang='lat' dir='ltr'>conjunctior.</span> <span class='ocrx_word' id='word_1_32' title='bbox 484 413 513 453; x_wconf 92' lang='lat'>·)</span> <span class='ocrx_word' id='word_1_33' title='bbox 533 414 732 444; x_wconf 88' lang='lat' dir='ltr'>tantumne</span> <span class='ocrx_word' id='word_1_34' title='bbox 751 414 787 444; x_wconf 86' lang='lat' dir='ltr'>te</span> <span class='ocrx_word' id='word_1_35' title='bbox 804 405 952 453; x_wconf 86' lang='lat' dir='ltr'>fefellit,</span> <span class='ocrx_word' id='word_1_36' title='bbox 965 417 1054 444; x_wconf 92' lang='lat' dir='ltr'>cum</span> <span class='ocrx_word' id='word_1_37' title='bbox 1065 405 1162 442; x_wconf 90' lang='lat' dir='ltr'>mihi</span> <span class='ocrx_word' id='word_1_38' title='bbox 1180 415 1345 448; x_wconf 85' lang='lat' dir='ltr'>summa,</span> 
     </span>
     <span class='ocr_line' id='line_1_7' title="bbox 237 458 1349 511; baseline -0.001 -16"><span class='ocrx_word' id='word_1_39' title='bbox 237 464 274 496; x_wconf 92' lang='lat' dir='ltr'>et</span> <span class='ocrx_word' id='word_1_40' title='bbox 301 460 469 510; x_wconf 76' lang='lat' dir='ltr'>quotidie</span> <span class='ocrx_word' id='word_1_41' title='bbox 493 461 651 509; x_wconf 84' lang='lat' dir='ltr'>majora,</span> <span class='ocrx_word' id='word_1_42' title='bbox 671 460 828 511; x_wconf 88' lang='lat' dir='ltr'>praemia</span> <span class='ocrx_word' id='word_1_43' title='bbox 854 459 894 497; x_wconf 91' lang='lat' dir='ltr'>in</span> <span class='ocrx_word' id='word_1_44' title='bbox 919 458 1113 510; x_wconf 84' lang='lat' dir='ltr'>republica</span> <span class='ocrx_word' id='word_1_45' title='bbox 1135 458 1215 496; x_wconf 80' lang='lat' dir='ltr'>fore</span> <span class='ocrx_word' id='word_1_46' title='bbox 1235 463 1349 508; x_wconf 86' lang='lat' dir='ltr'>puta-</span> 
     </span>
     <span class='ocr_line' id='line_1_8' title="bbox 238 509 1350 563; baseline -0.001 -14"><span class='ocrx_word' id='word_1_47' title='bbox 238 513 328 551; x_wconf 86' lang='lat' dir='ltr'>bas.</span> <span class='ocrx_word' id='word_1_48' title='bbox 319 515 336 540; x_wconf 71' lang='lat'>¹&gt;</span> <span class='ocrx_word' id='word_1_49' title='bbox 365 514 407 550; x_wconf 93' lang='lat' dir='ltr'>N</span> <span class='ocrx_word' id='word_1_50' title='bbox 409 515 545 563; x_wconf 59' lang='lat' dir='ltr'>effabas</span> <span class='ocrx_word' id='word_1_51' title='bbox 563 514 619 551; x_wconf 90' lang='lat' dir='ltr'>fas</span> <span class='ocrx_word' id='word_1_52' title='bbox 638 527 728 559; x_wconf 79' lang='lat' dir='ltr'>esse,</span> <span class='ocrx_word' id='word_1_53' title='bbox 749 514 844 551; x_wconf 90' lang='lat' dir='ltr'>duos</span> <span class='ocrx_word' id='word_1_54' title='bbox 862 513 1033 551; x_wconf 86' lang='lat' dir='ltr'>consules</span> <span class='ocrx_word' id='word_1_55' title='bbox 1052 526 1130 551; x_wconf 87' lang='lat' dir='ltr'>esse</span> <span class='ocrx_word' id='word_1_56' title='bbox 1147 512 1188 550; x_wconf 89' lang='lat' dir='ltr'>in</span> <span class='ocrx_word' id='word_1_57' title='bbox 1208 512 1280 549; x_wconf 86' lang='lat' dir='ltr'>hac</span> <span class='ocrx_word' id='word_1_58' title='bbox 1298 509 1350 547; x_wconf 86' lang='lat' dir='ltr'>ci-</span> 
     </span>
     <span class='ocr_line' id='line_1_9' title="bbox 238 564 1351 618; baseline -0.003 -14"><span class='ocrx_word' id='word_1_59' title='bbox 238 566 353 604; x_wconf 85' lang='lat' dir='ltr'>vitate</span> <span class='ocrx_word' id='word_1_60' title='bbox 372 566 543 605; x_wconf 87' lang='lat' dir='ltr'>inimicos</span> <span class='ocrx_word' id='word_1_61' title='bbox 561 567 788 618; x_wconf 80' lang='lat' dir='ltr'>reipublicae.</span> <span class='ocrx_word' id='word_1_62' title='bbox 817 567 910 605; x_wconf 87' lang='lat' dir='ltr'>Duo</span> <span class='ocrx_word' id='word_1_63' title='bbox 928 575 1018 605; x_wconf 86' lang='lat' dir='ltr'>sunt</span> <span class='ocrx_word' id='word_1_64' title='bbox 1034 566 1192 613; x_wconf 88' lang='lat' dir='ltr'>inventi,</span> <span class='ocrx_word' id='word_1_65' title='bbox 1213 564 1280 616; x_wconf 90' lang='lat' dir='ltr'>qui</span> <span class='ocrx_word' id='word_1_66' title='bbox 1295 576 1351 602; x_wconf 91' lang='grc'>30-</span> 
     </span>
     <span class='ocr_line' id='line_1_10' title="bbox 239 618 1354 670; baseline -0.002 -13"><span class='ocrx_word' id='word_1_67' title='bbox 239 627 373 657; x_wconf 87' lang='lat' dir='ltr'>natum</span> <span class='ocrx_word' id='word_1_68' title='bbox 393 621 544 659; x_wconf 91' lang='lat' dir='ltr'>tribuno</span> <span class='ocrx_word' id='word_1_69' title='bbox 562 620 702 658; x_wconf 85' lang='lat' dir='ltr'>furenti</span> <span class='ocrx_word' id='word_1_70' title='bbox 717 621 959 659; x_wconf 86' lang='lat' dir='ltr'>constrictum</span> <span class='ocrx_word' id='word_1_71' title='bbox 970 621 1160 659; x_wconf 88' lang='lat' dir='ltr'>traderent</span> <span class='ocrx_word' id='word_1_72' title='bbox 1173 634 1185 665; x_wconf 92' lang='grc'>;</span> <span class='ocrx_word' id='word_1_73' title='bbox 1206 618 1273 670; x_wconf 90' lang='lat' dir='ltr'>qui</span> <span class='ocrx_word' id='word_1_74' title='bbox 1284 629 1354 669; x_wconf 91' lang='lat' dir='ltr'>pro</span> 
     </span>
     <span class='ocr_line' id='line_1_11' title="bbox 240 671 1354 725; baseline -0.001 -15"><span class='ocrx_word' id='word_1_75' title='bbox 240 686 303 711; x_wconf 90' lang='lat' dir='ltr'>me</span> <span class='ocrx_word' id='word_1_76' title='bbox 321 681 445 725; x_wconf 87' lang='lat' dir='ltr'>patres</span> <span class='ocrx_word' id='word_1_77' title='bbox 465 675 690 725; x_wconf 79' lang='lat' dir='ltr'>conscriptos</span> <span class='ocrx_word' id='word_1_78' title='bbox 715 674 919 725; x_wconf 80' lang='lat' dir='ltr'>deprecari,</span> <span class='ocrx_word' id='word_1_79' title='bbox 949 682 986 712; x_wconf 89' lang='lat' dir='ltr'>et</span> <span class='ocrx_word' id='word_1_80' title='bbox 1003 674 1146 725; x_wconf 90' lang='lat' dir='ltr'>populo</span> <span class='ocrx_word' id='word_1_81' title='bbox 1164 671 1354 723; x_wconf 90' lang='lat' dir='ltr'>supplices</span> 
     </span>
     <span class='ocr_line' id='line_1_12' title="bbox 240 726 1354 779; baseline -0.002 -14"><span class='ocrx_word' id='word_1_82' title='bbox 240 740 332 773; x_wconf 85' lang='lat' dir='ltr'>esse,</span> <span class='ocrx_word' id='word_1_83' title='bbox 363 728 491 766; x_wconf 88' lang='lat' dir='ltr'>edictis</span> <span class='ocrx_word' id='word_1_84' title='bbox 510 735 623 779; x_wconf 84' lang='lat' dir='ltr'>atque</span> <span class='ocrx_word' id='word_1_85' title='bbox 642 729 800 779; x_wconf 82' lang='lat' dir='ltr'>imperio</span> <span class='ocrx_word' id='word_1_86' title='bbox 819 734 1012 766; x_wconf 88' lang='lat' dir='ltr'>vetarent</span> <span class='ocrx_word' id='word_1_87' title='bbox 1000 756 1013 774; x_wconf 87' lang='lat'>,</span> <span class='ocrx_word' id='word_1_88' title='bbox 1043 728 1184 779; x_wconf 89' lang='lat' dir='ltr'>quibus</span> <span class='ocrx_word' id='word_1_89' title='bbox 1206 726 1354 777; x_wconf 88' lang='lat' dir='ltr'>inspec-</span> 
     </span>
     <span class='ocr_line' id='line_1_13' title="bbox 240 778 1354 832; baseline -0.001 -14"><span class='ocrx_word' id='word_1_90' title='bbox 240 782 423 829; x_wconf 88' lang='lat' dir='ltr'>tantibus,</span> <span class='ocrx_word' id='word_1_91' title='bbox 444 782 580 820; x_wconf 90' lang='lat' dir='ltr'>domus</span> <span class='ocrx_word' id='word_1_92' title='bbox 599 795 686 820; x_wconf 88' lang='lat' dir='ltr'>mea</span> <span class='ocrx_word' id='word_1_93' title='bbox 703 782 990 830; x_wconf 82' lang='lat' dir='ltr'>disturbaretur,</span> <span class='ocrx_word' id='word_1_94' title='bbox 1010 781 1258 832; x_wconf 86' lang='lat' dir='ltr'>diriperetur·</span> <span class='ocrx_word' id='word_1_95' title='bbox 1247 808 1260 827; x_wconf 84' lang='lat'><strong>‚</strong></span> <span class='ocrx_word' id='word_1_96' title='bbox 1286 778 1354 831; x_wconf 90' lang='lat' dir='ltr'>qui</span> 
     </span>
     <span class='ocr_line' id='line_1_14' title="bbox 240 834 1355 886; baseline -0.001 -14"><span class='ocrx_word' id='word_1_97' title='bbox 240 834 404 886; x_wconf 89' lang='lat' dir='ltr'>denique</span> <span class='ocrx_word' id='word_1_98' title='bbox 418 837 612 874; x_wconf 89' lang='lat' dir='ltr'>ambustas</span> <span class='ocrx_word' id='word_1_99' title='bbox 626 837 864 874; x_wconf 85' lang='lat' dir='ltr'>fortunarum</span> <span class='ocrx_word' id='word_1_100' title='bbox 876 848 1051 874; x_wconf 87' lang='lat' dir='ltr'>mearum</span> <span class='ocrx_word' id='word_1_101' title='bbox 1063 835 1256 886; x_wconf 80' lang='lat' dir='ltr'>reliquias,</span> <span class='ocrx_word' id='word_1_102' title='bbox 1268 845 1355 871; x_wconf 84' lang='lat' dir='ltr'>suas</span> 
     </span>
     <span class='ocr_line' id='line_1_15' title="bbox 241 887 898 941; baseline 0.003 -16"><span class='ocrx_word' id='word_1_103' title='bbox 241 887 281 926; x_wconf 92' lang='lat' dir='ltr'>in</span> <span class='ocrx_word' id='word_1_104' title='bbox 301 889 447 936; x_wconf 87' lang='lat' dir='ltr'>domos,</span> <span class='ocrx_word' id='word_1_105' title='bbox 468 890 695 941; x_wconf 79' lang='lat' dir='ltr'>comportari</span> <span class='ocrx_word' id='word_1_106' title='bbox 710 891 898 939; x_wconf 86' lang='lat' dir='ltr'>juberent.</span> 
     </span>
    </p>

    <p class='ocr_par' dir='ltr' id='par_1_4' title="bbox 241 940 1361 1639">
     <span class='ocr_line' id='line_1_16' title="bbox 297 940 1355 995; baseline -0.003 -14"><span class='ocrx_word' id='word_1_107' title='bbox 297 943 423 981; x_wconf 92' lang='lat' dir='ltr'>Venio</span> <span class='ocrx_word' id='word_1_108' title='bbox 441 955 544 982; x_wconf 85' lang='lat' dir='ltr'>nunc</span> <span class='ocrx_word' id='word_1_109' title='bbox 558 944 607 981; x_wconf 90' lang='lat' dir='ltr'>ad</span> <span class='ocrx_word' id='word_1_110' title='bbox 625 951 783 995; x_wconf 88' lang='lat' dir='ltr'>patrem.</span> <span class='ocrx_word' id='word_1_111' title='bbox 815 944 895 991; x_wconf 86' lang='lat' dir='ltr'>Tu,</span> <span class='ocrx_word' id='word_1_112' title='bbox 912 943 964 991; x_wconf 91' lang='lat' dir='ltr'>Q.</span> <span class='ocrx_word' id='word_1_113' title='bbox 980 943 1130 990; x_wconf 79' lang='lat' dir='ltr'>Catule,</span> <span class='ocrx_word' id='word_1_114' title='bbox 1146 941 1209 980; x_wconf 90' lang='grc' dir='ltr'>Μ.</span> <span class='ocrx_word' id='word_1_115' title='bbox 1225 940 1355 980; x_wconf 89' lang='lat' dir='ltr'>Fulvii</span> 
     </span>
     <span class='ocr_line' id='line_1_17' title="bbox 242 996 1355 1046; baseline -0.002 -12"><span class='ocrx_word' id='word_1_116' title='bbox 242 996 418 1044; x_wconf 90' lang='lat' dir='ltr'>domum,</span> <span class='ocrx_word' id='word_1_117' title='bbox 439 1010 528 1035; x_wconf 91' lang='lat' dir='ltr'>cum</span> <span class='ocrx_word' id='word_1_118' title='bbox 546 998 578 1036; x_wconf 94' lang='lat' dir='ltr'>is</span> <span class='ocrx_word' id='word_1_119' title='bbox 596 997 721 1036; x_wconf 82' lang='lat' dir='ltr'>fratris</span> <span class='ocrx_word' id='word_1_120' title='bbox 732 997 789 1035; x_wconf 91' lang='lat' dir='ltr'>tui</span> <span class='ocrx_word' id='word_1_121' title='bbox 801 1010 901 1035; x_wconf 88' lang='lat' dir='ltr'>socer</span> <span class='ocrx_word' id='word_1_122' title='bbox 912 996 1058 1046; x_wconf 88' lang='lat' dir='ltr'>fuisset,</span> <span class='ocrx_word' id='word_1_123' title='bbox 1073 996 1355 1035; x_wconf 89' lang='lat' dir='ltr'>monimentum</span> 
     </span>
     <span class='ocr_line' id='line_1_18' title="bbox 241 1048 1358 1102; baseline -0.002 -14"><span class='ocrx_word' id='word_1_124' title='bbox 241 1056 396 1088; x_wconf 78' lang='lat' dir='ltr'>tuarum</span> <span class='ocrx_word' id='word_1_125' title='bbox 414 1051 684 1089; x_wconf 86' lang='lat' dir='ltr'>manubiarum</span> <span class='ocrx_word' id='word_1_126' title='bbox 703 1064 781 1089; x_wconf 89' lang='lat' dir='ltr'>esse</span> <span class='ocrx_word' id='word_1_127' title='bbox 800 1051 966 1099; x_wconf 86' lang='lat' dir='ltr'>voluisti,</span> <span class='ocrx_word' id='word_1_128' title='bbox 982 1058 1027 1089; x_wconf 89' lang='lat' dir='ltr'>ut</span> <span class='ocrx_word' id='word_1_129' title='bbox 1040 1052 1134 1100; x_wconf 89' lang='lat' dir='ltr'>ejus,</span> <span class='ocrx_word' id='word_1_130' title='bbox 1151 1049 1219 1102; x_wconf 90' lang='lat' dir='ltr'>qui</span> <span class='ocrx_word' id='word_1_131' title='bbox 1232 1048 1358 1101; x_wconf 87' lang='lat' dir='ltr'>perni-</span> 
     </span>
     <span class='ocr_line' id='line_1_19' title="bbox 243 1103 1359 1156; baseline -0.002 -15"><span class='ocrx_word' id='word_1_132' title='bbox 243 1104 341 1142; x_wconf 87' lang='lat' dir='ltr'>ciosa</span> <span class='ocrx_word' id='word_1_133' title='bbox 352 1104 568 1155; x_wconf 86' lang='lat' dir='ltr'>reipublicae</span> <span class='ocrx_word' id='word_1_134' title='bbox 582 1105 737 1143; x_wconf 89' lang='lat' dir='ltr'>consilia</span> <span class='ocrx_word' id='word_1_135' title='bbox 751 1105 921 1156; x_wconf 77' lang='lat' dir='ltr'>cepisset,</span> <span class='ocrx_word' id='word_1_136' title='bbox 935 1105 1058 1143; x_wconf 90' lang='lat' dir='ltr'>omnis</span> <span class='ocrx_word' id='word_1_137' title='bbox 1072 1104 1256 1143; x_wconf 78' lang='lat' dir='ltr'>memoria</span> <span class='ocrx_word' id='word_1_138' title='bbox 1268 1103 1359 1140; x_wconf 87' lang='lat' dir='ltr'>fun-</span> 
     </span>
     <span class='ocr_line' id='line_1_20' title="bbox 244 1156 1358 1197; baseline -0.001 -2"><span class='ocrx_word' id='word_1_139' title='bbox 244 1157 345 1195; x_wconf 80' lang='lat' dir='ltr'>ditus</span> <span class='ocrx_word' id='word_1_140' title='bbox 364 1171 411 1196; x_wconf 87' lang='lat' dir='ltr'>ex</span> <span class='ocrx_word' id='word_1_141' title='bbox 422 1159 541 1196; x_wconf 86' lang='lat' dir='ltr'>oculis</span> <span class='ocrx_word' id='word_1_142' title='bbox 559 1159 761 1196; x_wconf 89' lang='lat' dir='ltr'>hominum</span> <span class='ocrx_word' id='word_1_143' title='bbox 773 1172 816 1196; x_wconf 82' lang='lat' dir='ltr'>ac</span> <span class='ocrx_word' id='word_1_144' title='bbox 829 1159 1021 1197; x_wconf 86' lang='lat' dir='ltr'>mentibus</span> <span class='ocrx_word' id='word_1_145' title='bbox 1034 1159 1239 1197; x_wconf 86' lang='lat' dir='ltr'>tolleretur.</span> <span class='ocrx_word' id='word_1_146' title='bbox 1269 1156 1358 1194; x_wconf 88' lang='lat' dir='ltr'>Hoc</span> 
     </span>
     <span class='ocr_line' id='line_1_21' title="bbox 243 1210 1360 1263; baseline -0.001 -15"><span class='ocrx_word' id='word_1_147' title='bbox 243 1211 275 1249; x_wconf 91' lang='grc'>31</span> <span class='ocrx_word' id='word_1_148' title='bbox 307 1212 392 1263; x_wconf 84' lang='lat' dir='ltr'>quis</span> <span class='ocrx_word' id='word_1_149' title='bbox 421 1212 491 1250; x_wconf 87' lang='lat' dir='ltr'>tibi</span> <span class='ocrx_word' id='word_1_150' title='bbox 523 1212 723 1250; x_wconf 76' lang='lat' dir='ltr'>aedificanti</span> <span class='ocrx_word' id='word_1_151' title='bbox 749 1212 855 1249; x_wconf 87' lang='lat' dir='ltr'>illam</span> <span class='ocrx_word' id='word_1_152' title='bbox 883 1212 1071 1263; x_wconf 88' lang='lat' dir='ltr'>porticum</span> <span class='ocrx_word' id='word_1_153' title='bbox 1098 1212 1251 1260; x_wconf 87' lang='lat' dir='ltr'>diceret,</span> <span class='ocrx_word' id='word_1_154' title='bbox 1279 1210 1360 1248; x_wconf 88' lang='lat' dir='ltr'>fore</span> 
     </span>
     <span class='ocr_line' id='line_1_22' title="bbox 244 1265 1358 1317; baseline -0.001 -15"><span class='ocrx_word' id='word_1_155' title='bbox 244 1272 411 1315; x_wconf 79' lang='lat' dir='ltr'>tempus,</span> <span class='ocrx_word' id='word_1_156' title='bbox 433 1278 521 1303; x_wconf 87' lang='lat' dir='ltr'>curn</span> <span class='ocrx_word' id='word_1_157' title='bbox 539 1266 572 1303; x_wconf 88' lang='grc'>13</span> <span class='ocrx_word' id='word_1_158' title='bbox 591 1266 766 1304; x_wconf 85' lang='lat' dir='ltr'>tribunus</span> <span class='ocrx_word' id='word_1_159' title='bbox 784 1266 919 1317; x_wconf 90' lang='lat' dir='ltr'>plebis,</span> <span class='ocrx_word' id='word_1_160' title='bbox 935 1266 1002 1317; x_wconf 92' lang='lat' dir='ltr'>qui</span> <span class='ocrx_word' id='word_1_161' title='bbox 1021 1265 1282 1304; x_wconf 86' lang='lat' dir='ltr'>auctoritatem</span> <span class='ocrx_word' id='word_1_162' title='bbox 1301 1276 1358 1302; x_wconf 87' lang='lat' dir='ltr'>se-</span> 
     </span>
     <span class='ocr_line' id='line_1_23' title="bbox 244 1318 1359 1370; baseline 0 -14"><span class='ocrx_word' id='word_1_163' title='bbox 244 1321 367 1366; x_wconf 71' lang='lat' dir='ltr'>natus,</span> <span class='ocrx_word' id='word_1_164' title='bbox 385 1319 572 1367; x_wconf 86' lang='lat' dir='ltr'>judicium</span> <span class='ocrx_word' id='word_1_165' title='bbox 587 1321 774 1357; x_wconf 86' lang='lat' dir='ltr'>bonorum</span> <span class='ocrx_word' id='word_1_166' title='bbox 788 1320 976 1367; x_wconf 88' lang='lat' dir='ltr'>omnium,</span> <span class='ocrx_word' id='word_1_167' title='bbox 993 1318 1231 1370; x_wconf 78' lang='lat' dir='ltr'>neglexisset,</span> <span class='ocrx_word' id='word_1_168' title='bbox 1245 1325 1359 1357; x_wconf 83' lang='lat' dir='ltr'>tuum</span> 
     </span>
     <span class='ocr_line' id='line_1_24' title="bbox 244 1372 1359 1424; baseline 0 -15"><span class='ocrx_word' id='word_1_169' title='bbox 244 1372 538 1420; x_wconf 85' lang='lat' dir='ltr'>monimentum,</span> <span class='ocrx_word' id='word_1_170' title='bbox 567 1373 783 1411; x_wconf 85' lang='lat' dir='ltr'>consulibus</span> <span class='ocrx_word' id='word_1_171' title='bbox 808 1385 884 1410; x_wconf 92' lang='lat' dir='ltr'>non</span> <span class='ocrx_word' id='word_1_172' title='bbox 908 1373 1022 1411; x_wconf 89' lang='lat' dir='ltr'>modo</span> <span class='ocrx_word' id='word_1_173' title='bbox 1046 1372 1359 1424; x_wconf 85' lang='lat' dir='ltr'>inspectantibus,</span> 
     </span>
     <span class='ocr_line' id='line_1_25' title="bbox 246 1426 1361 1477; baseline 0.001 -14"><span class='ocrx_word' id='word_1_174' title='bbox 246 1439 379 1464; x_wconf 89' lang='lat' dir='ltr'>verum</span> <span class='ocrx_word' id='word_1_175' title='bbox 394 1426 675 1475; x_wconf 75' lang='lat' dir='ltr'>adjuvantibus,</span> <span class='ocrx_word' id='word_1_176' title='bbox 691 1426 931 1475; x_wconf 81' lang='lat' dir='ltr'>disturbaret,</span> <span class='ocrx_word' id='word_1_177' title='bbox 941 1434 1134 1475; x_wconf 86' lang='lat' dir='ltr'>everteret,</span> <span class='ocrx_word' id='word_1_178' title='bbox 1143 1426 1260 1477; x_wconf 90' lang='lat' dir='ltr'>idque</span> <span class='ocrx_word' id='word_1_179' title='bbox 1271 1437 1361 1465; x_wconf 91' lang='lat' dir='ltr'>cum</span> 
     </span>
     <span class='ocr_line' id='line_1_26' title="bbox 247 1479 1360 1531; baseline 0.001 -15"><span class='ocrx_word' id='word_1_180' title='bbox 247 1480 329 1529; x_wconf 87' lang='lat' dir='ltr'>ejus</span> <span class='ocrx_word' id='word_1_181' title='bbox 358 1479 462 1526; x_wconf 88' lang='lat' dir='ltr'>civis,</span> <span class='ocrx_word' id='word_1_182' title='bbox 492 1480 559 1531; x_wconf 91' lang='lat' dir='ltr'>qui</span> <span class='ocrx_word' id='word_1_183' title='bbox 587 1480 864 1531; x_wconf 82' lang='lat' dir='ltr'>rempublicam</span> <span class='ocrx_word' id='word_1_184' title='bbox 890 1493 938 1518; x_wconf 83' lang='lat' dir='ltr'>ex</span> <span class='ocrx_word' id='word_1_185' title='bbox 962 1482 1112 1519; x_wconf 67' lang='lat' dir='ltr'>senatus</span> <span class='ocrx_word' id='word_1_186' title='bbox 1139 1480 1360 1518; x_wconf 87' lang='lat' dir='ltr'>auctoritate</span> 
     </span>
     <span class='ocr_line' id='line_1_27' title="bbox 245 1533 1361 1586; baseline 0.002 -16"><span class='ocrx_word' id='word_1_187' title='bbox 245 1533 375 1571; x_wconf 90' lang='lat' dir='ltr'>consul</span> <span class='ocrx_word' id='word_1_188' title='bbox 394 1533 630 1581; x_wconf 85' lang='lat' dir='ltr'>defendisset,</span> <span class='ocrx_word' id='word_1_189' title='bbox 644 1534 757 1572; x_wconf 91' lang='lat' dir='ltr'>domo</span> <span class='ocrx_word' id='word_1_190' title='bbox 772 1535 1040 1585; x_wconf 82' lang='lat' dir='ltr'>conjungeret3</span> <span class='ocrx_word' id='word_1_191' title='bbox 1070 1547 1197 1572; x_wconf 89' lang='lat' dir='ltr'>nonne</span> <span class='ocrx_word' id='word_1_192' title='bbox 1207 1545 1361 1586; x_wconf 88' lang='lat' dir='ltr'>respon-</span> 
     </span>
     <span class='ocr_line' id='line_1_28' title="bbox 248 1586 1302 1639; baseline 0.002 -15"><span class='ocrx_word' id='word_1_193' title='bbox 248 1586 370 1633; x_wconf 87' lang='lat' dir='ltr'>deres,</span> <span class='ocrx_word' id='word_1_194' title='bbox 390 1586 444 1633; x_wconf 90' lang='lat' dir='ltr'>id,</span> <span class='ocrx_word' id='word_1_195' title='bbox 465 1587 539 1625; x_wconf 88' lang='lat' dir='ltr'>nisi</span> <span class='ocrx_word' id='word_1_196' title='bbox 558 1587 685 1626; x_wconf 66' lang='lat' dir='ltr'>eversa</span> <span class='ocrx_word' id='word_1_197' title='bbox 703 1588 865 1635; x_wconf 84' lang='lat' dir='ltr'>civitate,</span> <span class='ocrx_word' id='word_1_198' title='bbox 886 1588 1051 1626; x_wconf 79' lang='lat' dir='ltr'>accidere</span> <span class='ocrx_word' id='word_1_199' title='bbox 1068 1600 1146 1626; x_wconf 91' lang='lat' dir='ltr'>non</span> <span class='ocrx_word' id='word_1_200' title='bbox 1164 1590 1302 1639; x_wconf 81' lang='lat' dir='ltr'>posse?</span> 
     </span>
    </p>

    <p class='ocr_par' dir='ltr' id='par_1_5' title="bbox 245 1640 1363 2176">
     <span class='ocr_line' id='line_1_29' title="bbox 301 1640 1360 1680; baseline 0.001 -2"><span class='ocrx_word' id='word_1_201' title='bbox 301 1640 458 1679; x_wconf 86' lang='lat' dir='ltr'>XLIV.</span> <span class='ocrx_word' id='word_1_202' title='bbox 494 1640 553 1678; x_wconf 90' lang='lat' dir='ltr'>At</span> <span class='ocrx_word' id='word_1_203' title='bbox 586 1641 708 1679; x_wconf 86' lang='lat' dir='ltr'>videte</span> <span class='ocrx_word' id='word_1_204' title='bbox 736 1641 901 1679; x_wconf 89' lang='lat' dir='ltr'>hominis</span> <span class='ocrx_word' id='word_1_205' title='bbox 933 1641 1210 1680; x_wconf 78' lang='lat' dir='ltr'>intolerabilem</span> <span class='ocrx_word' id='word_1_206' title='bbox 1242 1640 1360 1680; x_wconf 88' lang='lat' dir='ltr'>auda-</span> 
     </span>
     <span class='ocr_line' id='line_1_30' title="bbox 250 1694 1360 1746; baseline 0 -15"><span class='ocrx_word' id='word_1_207' title='bbox 250 1694 362 1739; x_wconf 89' lang='lat' dir='ltr'>ciam,</span> <span class='ocrx_word' id='word_1_208' title='bbox 384 1707 471 1731; x_wconf 91' lang='lat' dir='ltr'>cum</span> <span class='ocrx_word' id='word_1_209' title='bbox 499 1695 666 1745; x_wconf 64' lang='lat' dir='ltr'>projecta</span> <span class='ocrx_word' id='word_1_210' title='bbox 684 1694 852 1746; x_wconf 71' lang='lat' dir='ltr'>quadam</span> <span class='ocrx_word' id='word_1_211' title='bbox 876 1702 913 1733; x_wconf 87' lang='lat' dir='ltr'>et</span> <span class='ocrx_word' id='word_1_212' title='bbox 938 1695 1120 1733; x_wconf 63' lang='lat' dir='ltr'>effrenata</span> <span class='ocrx_word' id='word_1_213' title='bbox 1141 1694 1360 1746; x_wconf 74' lang='lat' dir='ltr'>cupiditate,</span> 
     </span>
     <span class='ocr_line' id='line_1_31' title="bbox 247 1746 1362 1800; baseline 0.001 -15"><span class='ocrx_word' id='word_1_214' title='bbox 247 1746 537 1785; x_wconf 87' lang='lat' dir='ltr'>Monimentum</span> <span class='ocrx_word' id='word_1_215' title='bbox 569 1749 639 1787; x_wconf 89' lang='lat' dir='ltr'>iste</span> <span class='ocrx_word' id='word_1_216' title='bbox 670 1761 871 1800; x_wconf 86' lang='lat' dir='ltr'>nunquam</span> <span class='ocrx_word' id='word_1_217' title='bbox 899 1755 967 1786; x_wconf 89' lang='lat' dir='ltr'>aut</span> <span class='ocrx_word' id='word_1_218' title='bbox 993 1749 1215 1800; x_wconf 88' lang='lat' dir='ltr'>religionem</span> <span class='ocrx_word' id='word_1_219' title='bbox 1239 1749 1362 1786; x_wconf 82' lang='lat' dir='ltr'>ullam</span> 
     </span>
     <span class='ocr_line' id='line_1_32' title="bbox 246 1801 1362 1853; baseline 0.001 -15"><span class='ocrx_word' id='word_1_220' title='bbox 246 1801 496 1852; x_wconf 85' lang='lat' dir='ltr'>excogitavit:</span> <span class='ocrx_word' id='word_1_221' title='bbox 526 1802 696 1840; x_wconf 86' lang='lat' dir='ltr'>habitare</span> <span class='ocrx_word' id='word_1_222' title='bbox 713 1802 801 1840; x_wconf 83' lang='lat' dir='ltr'>laxe</span> <span class='ocrx_word' id='word_1_223' title='bbox 820 1810 857 1840; x_wconf 89' lang='lat' dir='ltr'>et</span> <span class='ocrx_word' id='word_1_224' title='bbox 874 1802 1076 1853; x_wconf 82' lang='lat' dir='ltr'>magnifice</span> <span class='ocrx_word' id='word_1_225' title='bbox 1095 1801 1228 1849; x_wconf 85' lang='lat' dir='ltr'>voluit,</span> <span class='ocrx_word' id='word_1_226' title='bbox 1249 1801 1362 1839; x_wconf 85' lang='lat' dir='ltr'>duas-</span> 
     </span>
     <span class='ocr_line' id='line_1_33' title="bbox 248 1855 1360 1917; baseline 0.001 -26"><span class='ocrx_word' id='word_1_227' title='bbox 248 1867 324 1905; x_wconf 91' lang='lat' dir='ltr'>que</span> <span class='ocrx_word' id='word_1_228' title='bbox 343 1862 380 1892; x_wconf 92' lang='lat' dir='ltr'>et</span> <span class='ocrx_word' id='word_1_229' title='bbox 394 1867 553 1906; x_wconf 85' lang='lat' dir='ltr'>magnas</span> <span class='ocrx_word' id='word_1_230' title='bbox 573 1862 610 1893; x_wconf 85' lang='lat' dir='ltr'>et</span> <span class='ocrx_word' id='word_1_231' title='bbox 627 1856 772 1894; x_wconf 85' lang='lat' dir='ltr'>nobiles</span> <span class='ocrx_word' id='word_1_232' title='bbox 787 1856 919 1893; x_wconf 89' lang='lat' dir='ltr'>domos</span> <span class='ocrx_word' id='word_1_233' title='bbox 939 1857 1181 1917; x_wconf 77' lang='lat' dir='ltr'>conjungere.</span> <span class='ocrx_word' id='word_1_234' title='bbox 1208 1855 1360 1894; x_wconf 86' lang='lat' dir='ltr'>Eodem</span> 
     </span>
     <span class='ocr_line' id='line_1_34' title="bbox 245 1909 1363 1969; baseline 0.002 -24"><span class='ocrx_word' id='word_1_235' title='bbox 245 1915 388 1969; x_wconf 80' lang='lat' dir='ltr'>puncto</span> <span class='ocrx_word' id='word_1_236' title='bbox 406 1909 598 1960; x_wconf 88' lang='lat' dir='ltr'>temporis,</span> <span class='ocrx_word' id='word_1_237' title='bbox 617 1922 693 1960; x_wconf 86' lang='lat' dir='ltr'>quo</span> <span class='ocrx_word' id='word_1_238' title='bbox 711 1922 820 1948; x_wconf 91' lang='lat' dir='ltr'>meus</span> <span class='ocrx_word' id='word_1_239' title='bbox 839 1909 1022 1948; x_wconf 88' lang='lat' dir='ltr'>discessus</span> <span class='ocrx_word' id='word_1_240' title='bbox 1039 1909 1102 1947; x_wconf 88' lang='lat' dir='ltr'>isti</span> <span class='ocrx_word' id='word_1_241' title='bbox 1120 1922 1274 1948; x_wconf 85' lang='lat' dir='ltr'>causam</span> <span class='ocrx_word' id='word_1_242' title='bbox 1291 1921 1363 1947; x_wconf 87' lang='lat' dir='ltr'>cae-</span> 
     </span>
     <span class='ocr_line' id='line_1_35' title="bbox 245 1961 1362 2013; baseline 0.002 -14"><span class='ocrx_word' id='word_1_243' title='bbox 245 1961 304 1999; x_wconf 89' lang='lat' dir='ltr'>dis</span> <span class='ocrx_word' id='word_1_244' title='bbox 325 1962 476 2013; x_wconf 88' lang='lat' dir='ltr'>eripuit,</span> <span class='ocrx_word' id='word_1_245' title='bbox 496 1976 519 2000; x_wconf 88' lang='lat' dir='ltr'>a</span> <span class='ocrx_word' id='word_1_246' title='bbox 538 1963 588 2010; x_wconf 92' lang='lat' dir='ltr'>Q.</span> <span class='ocrx_word' id='word_1_247' title='bbox 610 1963 696 2001; x_wconf 90' lang='lat' dir='ltr'>Seio</span> <span class='ocrx_word' id='word_1_248' title='bbox 715 1963 921 2011; x_wconf 86' lang='lat' dir='ltr'>contendit,</span> <span class='ocrx_word' id='word_1_249' title='bbox 941 1970 985 2001; x_wconf 92' lang='lat' dir='ltr'>ut</span> <span class='ocrx_word' id='word_1_250' title='bbox 1003 1963 1074 2002; x_wconf 90' lang='lat' dir='ltr'>sibi</span> <span class='ocrx_word' id='word_1_251' title='bbox 1092 1963 1252 2001; x_wconf 91' lang='lat' dir='ltr'>domum</span> <span class='ocrx_word' id='word_1_252' title='bbox 1271 1975 1362 2001; x_wconf 90' lang='lat' dir='ltr'>ven-</span> 
     </span>
     <span class='ocr_line' id='line_1_36' title="bbox 247 2015 1361 2068; baseline 0.001 -15"><span class='ocrx_word' id='word_1_253' title='bbox 247 2015 375 2054; x_wconf 88' lang='lat' dir='ltr'>deret:</span> <span class='ocrx_word' id='word_1_254' title='bbox 406 2029 496 2054; x_wconf 88' lang='lat' dir='ltr'>cum</span> <span class='ocrx_word' id='word_1_255' title='bbox 514 2016 579 2054; x_wconf 90' lang='lat' dir='ltr'>ille</span> <span class='ocrx_word' id='word_1_256' title='bbox 602 2016 642 2054; x_wconf 88' lang='lat' dir='ltr'>id</span> <span class='ocrx_word' id='word_1_257' title='bbox 657 2024 824 2067; x_wconf 84' lang='lat' dir='ltr'>negaret,</span> <span class='ocrx_word' id='word_1_258' title='bbox 845 2017 970 2068; x_wconf 90' lang='lat' dir='ltr'>primo</span> <span class='ocrx_word' id='word_1_259' title='bbox 989 2029 1030 2055; x_wconf 85' lang='lat' dir='ltr'>se</span> <span class='ocrx_word' id='word_1_260' title='bbox 1047 2016 1260 2055; x_wconf 87' lang='lat' dir='ltr'>luminibus</span> <span class='ocrx_word' id='word_1_261' title='bbox 1279 2017 1361 2066; x_wconf 86' lang='lat' dir='ltr'>ejus</span> 
     </span>
     <span class='ocr_line' id='line_1_37' title="bbox 247 2070 1360 2117; baseline 0 -10"><span class='ocrx_word' id='word_1_262' title='bbox 247 2082 326 2107; x_wconf 89' lang='lat' dir='ltr'>esse</span> <span class='ocrx_word' id='word_1_263' title='bbox 343 2071 625 2109; x_wconf 86' lang='lat' dir='ltr'>obstructurum</span> <span class='ocrx_word' id='word_1_264' title='bbox 638 2070 867 2108; x_wconf 86' lang='lat' dir='ltr'>minabatur.</span> <span class='ocrx_word' id='word_1_265' title='bbox 892 2070 1126 2109; x_wconf 75' lang='lat' dir='ltr'>Affirmabat</span> <span class='ocrx_word' id='word_1_266' title='bbox 1137 2070 1360 2117; x_wconf 85' lang='lat' dir='ltr'>Postumus,</span> 
     </span>
     <span class='ocr_line' id='line_1_38' title="bbox 247 2123 1363 2176; baseline 0.001 -15"><span class='ocrx_word' id='word_1_267' title='bbox 247 2136 287 2162; x_wconf 76' lang='lat' dir='ltr'>se</span> <span class='ocrx_word' id='word_1_268' title='bbox 299 2123 397 2171; x_wconf 88' lang='lat' dir='ltr'>vivo,</span> <span class='ocrx_word' id='word_1_269' title='bbox 418 2123 525 2162; x_wconf 88' lang='lat' dir='ltr'>illam</span> <span class='ocrx_word' id='word_1_270' title='bbox 540 2123 699 2162; x_wconf 87' lang='lat' dir='ltr'>domum</span> <span class='ocrx_word' id='word_1_271' title='bbox 713 2123 821 2164; x_wconf 86' lang='lat' dir='ltr'>istius</span> <span class='ocrx_word' id='word_1_272' title='bbox 835 2136 1035 2176; x_wconf 83' lang='lat' dir='ltr'>nunquam</span> <span class='ocrx_word' id='word_1_273' title='bbox 1050 2123 1234 2163; x_wconf 82' lang='lat' dir='ltr'>futuram.</span> <span class='ocrx_word' id='word_1_274' title='bbox 1253 2123 1363 2162; x_wconf 85' lang='lat' dir='ltr'>Acu-</span> 
     </span>
    </p>
   </div>
  </div>
 </body>
</html>
