1455 2343
234 98 313 135 314
490 99 603 138 PRO
634 99 859 138 SEX'FIO.
891 100 996 139 CAP.
1028 102 1094 138 59.

234 205 458 256 significatio
476 207 592 246 fuerit
610 209 799 256 onmium,
821 221 907 259 quae
926 207 1127 247 declaratio
1145 205 1352 246 voluntatis

234 261 282 297 ab
313 260 489 300 universo
518 262 662 313 populo
693 262 871 299 Romano
894 262 933 299 in
954 263 1066 300 causa
1089 261 1256 300 hominis
1273 273 1349 299 non

232 315 441 364 popularis,
454 315 640 366 ‘equidem
660 315 909 356 audiebamus
925 330 935 352 ε
967 316 1184 354 existimare
1203 315 1351 354 facilius

233 376 408 418 possunt,
429 369 497 420 qui
516 369 720 407 affuerunt.

292 421 457 460 LVIII.
485 424 553 470 Et,
572 423 753 474 quoniam
772 436 834 460 me
849 423 923 460 huc
938 424 1111 474 provexit
1125 423 1256 470 oratio,
1276 424 1355 462 his-

235 474 307 513 trio
314 488 443 514 casum
452 489 584 515 meum
595 476 704 515 toties
716 477 1012 527 collacrymavit,
1023 489 1110 514 cum
1119 477 1173 514 ita
1183 477 1353 516 dolenter

233 537 361 579 ageret
375 525 529 568 causam
548 543 690 578 meam,
707 538 751 568 ut
771 543 846 567 vox
861 531 942 579 ejus
957 531 1025 567 illa
1037 531 1218 581 praeclara
1230 532 1352 583 lacry-

233 583 307 620 mis
324 583 583 635 impediretur.
614 585 754 635 Neque
772 584 908 634 po‘etae,
930 596 1096 635 quorum
1116 597 1185 634 ego
1203 597 1352 636 semper

232 635 386 687 ingenia
404 638 535 687 dilexi,
552 637 715 689 tempori
728 650 815 675 meo
829 637 1058 675 defuerunt:
1091 650 1211 689 eaque
1228 652 1352 690 popu-

230 690 294 728 lus
313 691 529 739 Romanus,
550 703 627 729 non
658 692 782 729 solum
800 692 955 743 plausu,
976 691 1043 729 sed
1071 691 1186 730 etiam
1204 692 1350 743 gemitu

231 757 315 789 suo,
336 745 608 796 comprobavit.
636 747 782 785 Utrum
794 745 911 796 igitur
921 745 1003 783 haec
1018 746 1210 797 AEsopum
1225 746 1352 797 potius

231 811 301 849 pro
330 812 407 847 me,
437 807 505 837 aut
533 799 715 848 Accium,
750 799 873 837 dicere
902 799 1083 850 oportuit,
1116 799 1149 837 si
1183 800 1351 851 populus

233 852 435 891 Romanus
452 854 549 892 liber
568 861 676 901 esset,
711 866 761 891 an
778 853 968 904 principes
992 853 1181 892 civitatis?
1210 854 1352 892 Nomi-

233 906 356 945 natim
375 919 462 945 sum
491 908 706 958 appellatus
723 907 763 944 in
783 908 923 955 Bruto,
955 909 984 930 ‘⁶
1004 907 1176 955 Tullius,
1207 908 1276 959 qui
1304 908 1353 945 li-

232 960 419 998 bertatem
431 961 576 1000 civibus
587 961 860 1000 stabiliverat-'⁹
890 960 1038 999 Millies
1050 968 1267 1000 revocatum
1283 969 1350 1000 est.

235 1013 431 1053 Parumne
442 1015 656 1064 videbatur,
669 1016 859 1067 populum
876 1015 1101 1053 Romanum
1112 1015 1297 1065 judicare,
1313 1015 1353 1054 id

231 1081 256 1105 a
273 1080 337 1105 me
355 1076 392 1106 et
409 1083 433 1107 a
452 1076 584 1107 senatu
604 1082 683 1108 esse
702 1069 966 1117 constitutum,
982 1069 1086 1121 quod
1103 1069 1242 1120 perditi
1253 1069 1351 1108 cives

232 1122 427 1160 sublatum
457 1137 525 1174 per
553 1125 622 1161 nos
652 1123 981 1162 criminabantur?
1012 1122 1239 1161 Maximum
1263 1136 1351 1162 vero

231 1176 367 1227 populi
396 1177 566 1215 Romani
588 1177 777 1227 judicium
802 1177 978 1216 universo
1005 1189 1180 1216 consessu
1205 1176 1350 1228 gladia-

233 1230 329 1267 torio
359 1229 591 1269 declaratum
622 1239 688 1270 est.
718 1232 815 1269 Erat
844 1231 947 1269 enim
976 1244 1120 1269 munus
1149 1230 1349 1282 Scipionis,

233 1282 397 1334 dignum
423 1292 460 1322 et
479 1297 522 1322 eo
551 1285 647 1336 ipso,
676 1292 712 1323 et
731 1285 798 1323 illo
817 1284 869 1333 Q.
891 1284 1068 1333 Metello,
1089 1285 1151 1323 cui
1175 1284 1349 1323 dabatur.

233 1336 283 1373 Id
302 1344 432 1375 autem
451 1339 654 1389 spectaculi
672 1351 792 1389 genus
812 1346 904 1385 erat,
926 1338 1030 1390 quod
1048 1338 1155 1376 omni
1172 1338 1351 1390 frequen-

233 1389 302 1438 tia,
333 1398 448 1442 atque
472 1393 578 1430 omni
608 1405 744 1443 genere
772 1392 991 1440 hominum,
1023 1392 1247 1439 celebratur,
1274 1405 1352 1443 quo

232 1444 442 1483 multitudo
471 1446 640 1483 maxime
669 1446 887 1484 delectatur.
918 1446 968 1483 In
999 1445 1103 1484 hunc
1133 1458 1350 1484 consessum

234 1497 282 1535 P.
302 1498 470 1547 Sextius,
502 1500 679 1537 tribunus
703 1500 839 1551 plebis,
865 1512 954 1538 cum
973 1506 1099 1550 ageret
1129 1499 1227 1537 nihil
1245 1499 1351 1538 aliud

233 1551 272 1588 in
295 1564 339 1590 eo
357 1553 596 1603 magistratu,
610 1553 683 1591 nisi
700 1566 828 1591 meam
847 1566 1016 1601 causam,
1037 1553 1154 1601 venit,
1172 1560 1209 1591 et
1227 1566 1265 1591 se
1283 1565 1351 1604 po-

233 1605 327 1657 pulo
356 1606 473 1654 dedit,
494 1619 571 1645 non
601 1608 757 1659 plausus
784 1607 1005 1658 cupiditate,
1032 1607 1097 1646 sed
1126 1614 1171 1645 ut
1199 1607 1275 1658 ipsi
1292 1607 1352 1644 in-

235 1659 338 1697 imici
371 1660 489 1698 nostri
521 1662 758 1699 voluntatem
787 1661 954 1700 universi
995 1660 1131 1712 populi
1166 1661 1349 1699 viderent.

235 1712 355 1751 Venit
374 1717 435 1755 (ut
453 1714 570 1763 scitis)
591 1715 639 1753 ad
668 1716 888 1753 columnam
914 1715 1091 1753 Meniam
1108 1729 1118 1752 z
1149 1721 1277 1753 tantus
1296 1723 1351 1752 est

234 1779 283 1805 ex
301 1767 479 1806 omnibus
500 1769 721 1820 spectaculis
741 1782 863 1820 usque
883 1782 906 1807 a
925 1768 1129 1820 Capitolio,
1150 1775 1279 1806 tantus
1302 1781 1349 1806 ex

232 1820 305 1858 fori
324 1821 512 1871 cancellis,
533 1823 689 1874 plausus
713 1823 911 1870 excitatus,
938 1830 983 1860 ut
1007 1835 1209 1874 nunquam
1227 1822 1350 1871 major

231 1875 425 1913 consensio
439 1884 507 1914 aut
525 1876 688 1928 apertior
712 1877 846 1928 populi
862 1876 1031 1915 Romani
1049 1876 1216 1915 universi
1232 1875 1350 1913 fuisse

230 1928 314 1966 ulla
326 1929 367 1966 in
382 1930 496 1968 eausa
509 1930 705 1968 diceretur.
737 1931 817 1969 Ubi
830 1938 935 1968 erant
949 1940 1034 1968 tum
1048 1930 1106 1967 illi
1124 1929 1347 1968 concionum

232 1982 498 2032 moderatores,
519 1985 650 2035 legum
670 1984 829 2031 domini,
845 1985 987 2022 civium
1006 1983 1226 2035 expulsores
1242 1985 1260 2020 Ρ
1280 1982 1350 2020 ali-

232 2048 327 2074 usne
346 2044 401 2074 est
419 2037 557 2089 aliquis
576 2038 759 2088 improbis
778 2038 922 2076 civibus
947 2036 1147 2090 peculiaris
1165 2037 1347 2088 populus,

231 2089 294 2126 cui
313 2102 381 2128 nos
399 2091 531 2129 offensi
550 2091 737 2143 invisique
756 2092 942 2129 fuerimus
957 2095 974 2130 ‚⁹

287 2143 402 2181 LIX.
433 2145 629 2196 Equidem
662 2146 852 2192 existimo,
892 2146 1044 2183 nullum
1082 2152 1235 2196 tempus
1271 2156 1349 2182 esse

232 2196 496 2247 frequentioris
524 2200 670 2250 populi.
700 2212 816 2250 quam
840 2200 938 2237 illud
961 2198 1256 2250 gladiatoriunu
1286 2210 1353 2235 ne-
