1425 2334
446 378 575 426 PRo
611 377 807 425 DOMO
845 348 988 424 susi.

230 489 263 528 I.
293 489 399 528 CUM
424 491 546 529 multa
569 491 761 539 divinitus,
784 492 991 542 pontifices,
1011 503 1034 528 a
1062 492 1268 540 majoribus

173 543 308 580 nostris
324 543 478 582 inventa'
492 552 605 595 atque
626 545 797 583 instituta
814 554 928 588 sunt;
959 552 1041 581 tum
1060 544 1155 581 nihil
1173 558 1268 595 prae-

177 596 324 644 clarius,
344 610 459 647 quam
478 597 581 647 quod
600 598 748 635 eosdem
768 605 804 635 et
829 597 1070 647 religionibus
1096 597 1267 636 Deorum

174 648 459 696 immortalium,
475 658 512 687 et
531 663 690 688 summae
708 650 760 687 rei
778 651 952 700 publicae,
966 663 1122 700 praeesse
1141 651 1269 688 volue-

173 709 262 739 runt
277 716 289 747 3
319 710 362 740 ut
375 703 596 753 amplissimi
611 711 646 740 et
658 703 851 740 clarissimi
869 702 965 740 cives
980 703 1267 753 rempublicam,

172 755 267 792 bene
285 755 458 805 gerendo,
475 754 723 806 [pontificesq
746 756 940 806 religiones
960 756 1143 806 sapienter
1155 756 1269 793 inter-

172 808 367 857 pretando,
386 807 698 859 [rempublicam]
716 816 982 846 conservarent.
1013 809 1128 855 Quod
1148 809 1177 846 si
1190 810 1270 846 ullo

174 866 339 911 tempore
352 873 491 911 magna
509 874 620 899 causa
637 862 675 898 in
696 861 928 899 sacerdotum
946 862 1078 912 populi
1104 862 1270 901 Romani

169 913 312 961 judicio
341 926 383 951 ac
407 921 586 964 potestate
609 922 753 952 versata
771 921 851 958 est3
881 914 961 952 haec
983 914 1147 965 profecto
1166 922 1271 952 tanta

173 974 241 1014 est,
275 974 318 1004 ut
339 967 460 1004 omnis
485 967 699 1018 reipublicae
723 967 899 1017 dignitas,
929 967 1100 1005 omnium
1130 968 1269 1007 civium

173 1020 287 1067 salus,
318 1020 407 1067 vita,
438 1019 603 1067 libertas,
634 1033 721 1067 arae,
753 1020 839 1067 foci,
867 1020 935 1058 Dii
959 1028 1125 1071 penates,
1156 1022 1268 1067 bona,

170 1071 344 1120 fortunae,
365 1073 566 1119 domicilia,
587 1081 717 1111 vestrae
736 1073 942 1124 sapientiae,
962 1074 1062 1119 fidei,
1079 1074 1271 1123 potestati-

171 1137 258 1175 que,
279 1125 476 1163 commissa
493 1126 705 1177 creditaque
724 1139 802 1164 esse
821 1126 1027 1163 videantur.
1057 1126 1177 1165 Vobis
1201 1127 1270 1164 ho-

170 1177 299 1216 dierno
317 1178 377 1216 die
395 1179 698 1216 constituendum
713 1187 780 1225 est,
794 1188 922 1216 utrum
936 1179 1090 1230 posthac
1105 1187 1271 1216 amentes

171 1243 214 1268 ac
227 1231 389 1281 perditos
407 1232 649 1282 magistratus
667 1232 928 1282 improborum
948 1245 990 1269 ac
1009 1233 1269 1269 sceleratorum

172 1284 311 1322 civium
335 1284 508 1335 praesidio
537 1285 692 1334 nudare,
718 1298 765 1322 an
786 1285 899 1322 etiam
925 1285 1097 1323 Deorum
1115 1285 1271 1322 immor-

173 1336 309 1374 talium
327 1338 505 1388 religione
527 1350 686 1386 armare,
706 1338 858 1376 malitis.
889 1339 928 1376 N
932 1351 1009 1383 am,
1030 1338 1060 1376 si
1085 1339 1151 1376 illa
1168 1339 1271 1376 labes

174 1403 218 1428 ac
245 1390 400 1428 flamma
438 1391 653 1443 reipublicae
685 1404 798 1429 suum
837 1392 948 1429 illum
979 1391 1197 1442 pestiferum
1235 1399 1272 1428 et

174 1442 282 1482 funes
267 1451 367 1481 etum
386 1444 635 1491 tribunatum,
656 1457 770 1496 quem
789 1445 965 1496 aequitate
982 1443 1150 1482 humana
1175 1444 1272 1482 tueri

172 1509 248 1534 non
277 1504 411 1548 potest,
436 1496 562 1535 divina
590 1498 768 1548 religione
796 1498 1027 1543 defenderit3
1058 1498 1141 1535 aliae
1170 1497 1272 1535 caeri-

173 1550 312 1588 moniae
329 1551 437 1588 nobis
456 1558 579 1598 erunt,
599 1552 665 1588 alii
682 1551 864 1589 antistites
883 1551 1055 1588 Deorum
1077 1551 1272 1588 immorta-

175 1603 288 1650 lium,
324 1604 388 1641 alii
423 1603 642 1655 interpretes
676 1605 902 1669 religionum
939 1604 1162 1654 requirendi.
1204 1604 1272 1642 Sin

177 1663 304 1694 autem
322 1657 443 1695 vestra
461 1657 679 1696 auctoritate
697 1658 968 1709 sapientiaque,
987 1657 1194 1708 pontifices,
1215 1670 1272 1703 ea,

177 1722 263 1760 quae
290 1709 415 1748 furore
444 1710 702 1762 improborum
723 1711 763 1747 in
789 1711 995 1762 republica,
1025 1712 1072 1748 ab
1097 1711 1179 1748 aliis
1206 1722 1274 1760 op-

178 1774 318 1812 pressa,
338 1764 386 1801 ab
410 1763 492 1801 aliis
515 1763 672 1812 deserta,
693 1765 739 1802 ab
767 1764 850 1802 aliis
868 1764 1030 1814 prodita,
1050 1771 1154 1814 gesta
1171 1770 1273 1810 sunt,

179 1814 464 1861 rescinduntur3
494 1817 562 1854 erit
590 1830 715 1864 causa,
744 1830 810 1855 cur
841 1817 1038 1855 consilium
1067 1817 1272 1865 majorum,

181 1867 222 1904 in
240 1844 481 1918 amplissimis
498 1870 585 1908 viris
604 1870 652 1907 ad
670 1870 872 1908 sacerdotia
890 1869 1140 1920 deligendis,
1127 1882 1212 1918 Jure
1230 1881 1274 1906 ac

176 1920 310 1958 merito
327 1921 479 1960 laudare
495 1923 692 1973 possimus.
722 1923 810 1970 Sed,
826 1923 1004 1974 quoniam
1023 1923 1087 1960 ille
1105 1922 1273 1968 demens,

179 1973 210 2011 si
236 1986 291 2020 ea,
320 1987 405 2024 quae
430 1987 498 2025 ego
526 1989 593 2026 per
609 1976 678 2014 hos
698 1976 807 2014 dies
797 1989 837 2013 m
863 1984 992 2014 senatu
1018 1975 1064 2013 de
1082 1974 1276 2026 republica

179 2026 290 2073 sensi,
310 2027 566 2078 vituperasset,
585 2029 752 2090 aliquem
782 2042 819 2067 se
837 2029 984 2067 aditum
1003 2029 1050 2066 ad
1068 2040 1176 2065 aures
1194 2039 1275 2064 ves-

178 2087 254 2116 tras
272 2092 350 2118 esse
373 2080 592 2119 habiturum
616 2083 792 2134 putavit3
822 2082 994 2120 omittam
1019 2081 1187 2119 ordinem
1216 2079 1275 2116 di-

181 2131 288 2171 cendi
316 2145 472 2173 meum:
502 2135 732 2187 respondebo
754 2135 918 2175 hominis
943 2133 1073 2173 furiosi
1098 2145 1174 2172 non
1192 2144 1276 2171 ora-
