1425 2334
318 109 430 147 PRO
459 108 682 147 SEXTIO.
712 109 815 146 (Ἂν.
851 109 910 151 17.
1083 108 1159 150 :277

64 214 268 264 quamdam
284 215 348 253 ille
365 216 539 266 gloriam,
556 228 669 266 quam
687 215 733 252 ad
749 215 982 265 perspicuam
1003 214 1161 251 salutem

66 267 279 318 reipublicae
301 267 540 319 [spectarat]
567 281 654 306 cum
676 281 773 305 unus
792 268 829 304 in
849 269 970 318 legem
991 281 1056 318 per
1083 268 1162 305 vim

65 321 179 358 latam
206 323 334 370 jurare
352 322 522 359 noluerat
539 336 549 358 ε
579 322 741 372 denique
761 321 955 358 videbatur
974 320 1015 358 ea
1035 321 1164 358 condi-

66 373 165 412 tione
183 382 261 412 tam
286 375 391 413 fortis
409 374 537 420 fuisse,
566 383 608 412 ut
636 388 723 412 cum
749 374 878 424 patriae
907 374 1057 411 caritate
1076 386 1165 411 con-

66 427 211 464 stantia}
229 428 387 478 gloriam
407 435 665 466 commutaret.
696 428 791 465 Erat
809 435 936 464 autem
953 427 982 464 ei
1000 440 1056 464 res
1075 440 1162 465 cum

67 481 230 518 exercitu
246 482 291 519 C.
305 481 423 518 Marii
441 482 603 519 invicto:
623 481 787 519 habebat
800 481 996 518 inimicum
1014 480 1057 517 C.
1074 481 1163 517 Ma-

66 533 180 576 rium,
200 542 492 572 conservatorem
514 535 658 585 patriae,
679 542 828 572 sextum
843 536 925 583 jam
944 534 1055 571 illum
1075 545 1163 570 con-

66 587 232 624 sulatum
252 596 467 638 gerentem:
497 601 554 625 res
573 595 651 626 erat
675 600 762 626 cum
783 588 830 624 11.
858 587 1075 633 Saturnino,
1096 586 1164 623 ite-

67 652 152 677 rum
173 641 324 679 tribuno
350 641 485 691 plebis,
512 642 689 692 vigilante
716 641 882 687 homine,
914 648 964 686 et,
991 640 1030 677 in
1053 640 1164 677 caus&

67 694 254 744 populari,
275 695 306 731 si
335 706 411 732 non
435 695 639 741 moderate,
660 701 698 732 at
717 702 814 732 certe
832 693 1062 745 populariter
1080 695 1164 730 abs-

68 747 317 798 tinenterque,
338 755 493 785 versato.
524 748 657 795 Cessit,
678 760 725 785 ne
744 755 809 784 aut
828 747 947 785 victus
967 760 989 784 a
1007 745 1167 784 fortibus

68 800 156 837 viris
174 813 261 838 curn
287 800 464 839 dedecore
482 801 641 845 caderet,
665 809 731 838 aut
755 802 870 838 victor
889 800 1019 837 multis
1038 807 1074 836 et
1092 799 1168 836 for-

67 853 168 890 tibus
197 854 340 892 civibus
362 855 635 905 rempublicam
662 856 822 892 orbaret.
854 854 987 891 Meam
1016 865 1167 890 causam

67 914 218 944 senatus
236 908 377 957 palam,
397 915 567 959 equester
585 908 675 945 ordo
694 908 884 952 acerrime,
904 913 1038 944 cuneta
1058 906 1170 943 Italia

69 960 232 1010 publice,
262 973 393 999 omnes
414 962 504 999 boni
532 962 681 1012 proprie
699 961 882 1011 enixeque
905 967 1166 1010 susceperant:

69 1027 130 1050 eas
149 1026 206 1051 res
223 1027 423 1064 gesseram,
444 1027 606 1065 quarum
626 1027 700 1052 non
727 1026 826 1051 unus
844 1022 986 1058 auctor,
1007 1012 1070 1050 sed
1089 1012 1168 1049 dux

68 1067 242 1104 omnium
272 1068 474 1106 voluntatis
498 1068 666 1113 fuissem,
696 1080 857 1118 quaeque
885 1079 958 1103 non
985 1065 1098 1103 modo
1123 1065 1171 1102 ad

68 1120 301 1171 singularem
321 1133 445 1159 meam
463 1122 637 1172 gloriam,
669 1121 733 1159 sed
752 1121 799 1157 ad
819 1120 981 1158 salutem
1002 1131 1173 1156 commu-

71 1185 157 1210 nem
173 1174 344 1212 omnium
362 1175 516 1222 civium,
531 1182 567 1212 et
584 1187 700 1225 prope
717 1174 902 1225 gentium,
915 1173 1142 1223 pertinerent
1157 1187 1169 1208 :

71 1240 116 1264 ea
148 1227 358 1266 conditione
390 1241 590 1279 gesseram,
617 1236 661 1265 ut
690 1240 818 1265 meum
851 1227 993 1264 factum
1026 1237 1172 1275 semper

71 1292 201 1318 omnes
219 1288 394 1332 praestare
413 1282 585 1333 tuerique
603 1281 792 1319 deberent.

125 1333 266 1372 XVII.
295 1335 391 1372 Erat
409 1342 535 1373 autem
555 1335 650 1372 mihi
669 1334 870 1379 contentio,
891 1346 964 1371 non
985 1345 1072 1372 cum
1099 1332 1174 1370 vic-

72 1395 151 1426 tore
169 1388 347 1435 exereitu,
369 1389 432 1426 sed
462 1401 549 1426 cum
574 1388 695 1439 operis
725 1387 930 1433 conductis,
957 1394 994 1424 et
1013 1387 1060 1424 ad
1085 1385 1174 1422 diri-

73 1441 249 1491 piendam
268 1442 412 1480 Urbem
426 1442 616 1480 concitatis
633 1456 643 1479 :
673 1442 859 1479 habebam
872 1441 1084 1486 inimicum,
1098 1451 1173 1476 non

75 1494 119 1531 C.
146 1495 333 1541 Marium,
353 1502 531 1534 terrorem
550 1495 731 1540 hostium,
763 1507 868 1546 spem
888 1494 1176 1543 subsidiumque

74 1549 228 1600 patriae;
257 1549 322 1588 sed
339 1549 416 1587 duo
439 1549 659 1600 importuna
685 1548 869 1599 prodigia,
893 1560 988 1598 quos
1016 1553 1172 1596 egestas,

75 1616 199 1654 quos
189 1604 272 1641 ‘eris
299 1603 412 1641 alieni
431 1602 668 1653 magnitudo,
697 1614 792 1652 quos
821 1600 966 1648 levitas,
990 1612 1084 1651 quos
1103 1599 1175 1636 im-

76 1657 255 1707 probitas,
285 1657 437 1694 tribuno
468 1655 588 1707 plebis
613 1655 828 1693 constrictos
857 1654 1063 1692 addixerat.
1093 1653 1177 1690 Nec

76 1709 172 1747 mihi
191 1722 248 1747 res
265 1716 344 1747 erat
371 1722 458 1747 cum
480 1710 701 1770 §atur-nino,
731 1708 812 1759 qui,
833 1707 936 1758 quod
954 1720 976 1744 a
1001 1719 1053 1752 se,
1073 1719 1177 1757 quae-

77 1772 174 1801 store
192 1762 372 1808 Ostiensi,
391 1775 458 1822 per
478 1762 741 1812 ignominiam.
772 1761 820 1798 ad
838 1761 1046 1812 principem
1065 1768 1102 1797 et
1121 1772 1176 1796 se-

77 1819 186 1854 natus
212 1824 249 1854 et
277 1815 450 1861 civitatis,
477 1816 538 1853 M.
559 1816 759 1859 Scaurum,
779 1827 858 1852 rem
890 1812 1175 1851 frumentariam

77 1869 296 1908 translatam
315 1869 467 1913 sciebat,
482 1868 648 1906 dolorem
662 1880 773 1906 suum
788 1868 929 1917 magna
942 1865 1177 1904 contentione

77 1923 196 1961 animi
221 1924 537 1973 persequebatur;
566 1921 630 1959 sed
655 1934 744 1960 cum
769 1933 980 1959 scurrarum
1010 1919 1176 1968 locuple-

78 1977 174 2014 tium
205 1983 339 2021 scorto,
362 1987 450 2013 cum
475 1974 608 2012 sororis
631 1975 816 2020 adultero,
848 1985 932 2011 curn
961 1980 1176 2022 stuprorum

78 2028 280 2075 sacerdote,
314 2040 402 2066 cum
431 2028 608 2074 venefico,
642 2040 729 2066 cum
758 2026 1049 2071 testamentario,
1090 2035 1178 2062 cum

78 2082 223 2128 sicario,
239 2094 325 2120 cum
338 2082 507 2119 latrone.
529 2094 624 2132 quos
636 2081 808 2119 homines
823 2080 853 2118 si
872 2079 941 2125 (id,
955 2078 1056 2129 quod
1071 2077 1179 2115 facile

78 2137 179 2173 sactu
198 2135 286 2176 fuit,
306 2142 343 2172 et
360 2135 462 2185 quod
492 2134 571 2172 fieri
589 2134 733 2179 debuit,
763 2133 950 2194 quodque.
959 2145 980 2168 a
998 2143 1060 2168 me
1081 2130 1179 2181 opti-

79 2189 133 2226 mi
154 2195 191 2225 et
208 2188 396 2226 fortissimi
417 2188 514 2225 cives
542 2187 779 2237 flagitabant)
800 2186 834 2224 vi
857 2185 1047 2235 armisque
1066 2196 1177 2234 supe-

130 2243 279 2286 (Orut.)
310 2252 412 2278 vor..
436 2251 506 2278 ιιι.
837 2241 860 2276 2
884 2250 906 2276 Β
