<?xml version="1.0" encoding="UTF-8"?>
<!DOCTYPE html PUBLIC "-//W3C//DTD XHTML 1.0 Transitional//EN"
    "http://www.w3.org/TR/xhtml1/DTD/xhtml1-transitional.dtd">
<html xmlns="http://www.w3.org/1999/xhtml" xml:lang="en" lang="en">
 <head>
  <title>
</title>
<meta http-equiv="Content-Type" content="text/html;charset=utf-8" />
  <meta name='ocr-system' content='tesseract 3.04.00' />
  <meta name='ocr-capabilities' content='ocr_page ocr_carea ocr_par ocr_line ocrx_word'/>
</head>
<body>
  <div class='ocr_page' id='page_1' title='image "./operaern07ciceuoft_0270.png"; bbox 0 0 1455 2343; ppageno 0'>
   <div class='ocr_carea' id='block_1_1' title="bbox 241 99 1116 140">
    <p class='ocr_par' dir='ltr' id='par_1_1' title="bbox 241 99 1116 140">
     <span class='ocr_line' id='line_1_1' title="bbox 241 99 1116 140; baseline 0.001 -5"><span class='ocrx_word' id='word_1_1' title='bbox 241 99 318 136; x_wconf 73' lang='lat'>256</span> <span class='ocrx_word' id='word_1_2' title='bbox 474 99 588 137; x_wconf 86' lang='lat' dir='ltr'>PRO</span> <span class='ocrx_word' id='word_1_3' title='bbox 619 100 886 140; x_wconf 76' lang='lat' dir='ltr'>PLANCIO.</span> <span class='ocrx_word' id='word_1_4' title='bbox 917 100 1021 139; x_wconf 70' lang='lat' dir='ltr'>CAP.</span> <span class='ocrx_word' id='word_1_5' title='bbox 1052 100 1116 138; x_wconf 74' lang='lat'>40.</span> 
     </span>
    </p>
   </div>
   <div class='ocr_carea' id='block_1_2' title="bbox 236 204 1358 2196">
    <p class='ocr_par' dir='ltr' id='par_1_2' title="bbox 239 204 1355 743">
     <span class='ocr_line' id='line_1_2' title="bbox 239 204 1352 269; baseline 0.003 -26"><span class='ocrx_word' id='word_1_6' title='bbox 239 205 321 244; x_wconf 87' lang='lat' dir='ltr'>haec</span> <span class='ocrx_word' id='word_1_7' title='bbox 339 204 466 253; x_wconf 81' lang='lat' dir='ltr'>didici,</span> <span class='ocrx_word' id='word_1_8' title='bbox 486 207 568 246; x_wconf 84' lang='lat' dir='ltr'>haec</span> <span class='ocrx_word' id='word_1_9' title='bbox 585 208 676 255; x_wconf 89' lang='lat' dir='ltr'>vidi,</span> <span class='ocrx_word' id='word_1_10' title='bbox 696 208 777 247; x_wconf 86' lang='lat' dir='ltr'>haec</span> <span class='ocrx_word' id='word_1_11' title='bbox 799 209 941 269; x_wconf 44' lang='lat' dir='ltr'>scripta·</span> <span class='ocrx_word' id='word_1_12' title='bbox 953 207 1055 259; x_wconf 86' lang='lat' dir='ltr'>legi:</span> <span class='ocrx_word' id='word_1_13' title='bbox 1085 208 1167 247; x_wconf 82' lang='lat' dir='ltr'>haec</span> <span class='ocrx_word' id='word_1_14' title='bbox 1184 208 1231 246; x_wconf 87' lang='lat' dir='ltr'>de</span> <span class='ocrx_word' id='word_1_15' title='bbox 1250 209 1352 261; x_wconf 79' lang='lat' dir='ltr'>sapi-</span> 
     </span>
     <span class='ocr_line' id='line_1_3' title="bbox 240 258 1351 313; baseline 0.004 -17"><span class='ocrx_word' id='word_1_16' title='bbox 240 258 442 298; x_wconf 80' lang='lat' dir='ltr'>entissimis</span> <span class='ocrx_word' id='word_1_17' title='bbox 461 268 497 299; x_wconf 86' lang='lat' dir='ltr'>et</span> <span class='ocrx_word' id='word_1_18' title='bbox 515 261 727 300; x_wconf 83' lang='lat' dir='ltr'>clarissimis</span> <span class='ocrx_word' id='word_1_19' title='bbox 746 262 848 311; x_wconf 85' lang='lat' dir='ltr'>viris,</span> <span class='ocrx_word' id='word_1_20' title='bbox 877 269 913 300; x_wconf 89' lang='lat' dir='ltr'>et</span> <span class='ocrx_word' id='word_1_21' title='bbox 931 262 972 299; x_wconf 87' lang='lat' dir='ltr'>in</span> <span class='ocrx_word' id='word_1_22' title='bbox 990 262 1062 300; x_wconf 83' lang='lat' dir='ltr'>hac</span> <span class='ocrx_word' id='word_1_23' title='bbox 1080 261 1288 313; x_wconf 82' lang='lat' dir='ltr'><strong>republica,</strong></span> <span class='ocrx_word' id='word_1_24' title='bbox 1314 271 1351 300; x_wconf 82' lang='lat' dir='ltr'>et</span> 
     </span>
     <span class='ocr_line' id='line_1_4' title="bbox 239 312 1353 367; baseline 0.004 -17"><span class='ocrx_word' id='word_1_25' title='bbox 239 312 280 350; x_wconf 90' lang='lat' dir='ltr'>in</span> <span class='ocrx_word' id='word_1_26' title='bbox 299 312 383 351; x_wconf 88' lang='lat' dir='ltr'>aliis</span> <span class='ocrx_word' id='word_1_27' title='bbox 397 313 624 364; x_wconf 85' lang='lat' dir='ltr'>civitatibus,</span> <span class='ocrx_word' id='word_1_28' title='bbox 640 317 876 354; x_wconf 84' lang='lat' dir='ltr'>monimenta</span> <span class='ocrx_word' id='word_1_29' title='bbox 892 314 1034 364; x_wconf 84' lang='lat' dir='ltr'>[nobis,</span> <span class='ocrx_word' id='word_1_30' title='bbox 1049 315 1204 367; x_wconf 87' lang='lat' dir='ltr'>literae,]</span> <span class='ocrx_word' id='word_1_31' title='bbox 1225 315 1353 366; x_wconf 84' lang='lat' dir='ltr'>prodi-</span> 
     </span>
     <span class='ocr_line' id='line_1_5' title="bbox 239 365 1351 420; baseline 0.004 -16"><span class='ocrx_word' id='word_1_32' title='bbox 239 365 401 406; x_wconf 83' lang='lat' dir='ltr'>derunt:</span> <span class='ocrx_word' id='word_1_33' title='bbox 423 380 498 406; x_wconf 91' lang='lat' dir='ltr'>non</span> <span class='ocrx_word' id='word_1_34' title='bbox 513 382 659 420; x_wconf 83' lang='lat' dir='ltr'><strong>semper</strong></span> <span class='ocrx_word' id='word_1_35' title='bbox 671 370 820 408; x_wconf 87' lang='lat' dir='ltr'>easdem</span> <span class='ocrx_word' id='word_1_36' title='bbox 836 369 1037 407; x_wconf 84' lang='lat' dir='ltr'>sententias</span> <span class='ocrx_word' id='word_1_37' title='bbox 1051 371 1100 407; x_wconf 89' lang='lat' dir='ltr'>ab</span> <span class='ocrx_word' id='word_1_38' title='bbox 1111 369 1260 418; x_wconf 84' lang='grc'>115110111,</span> <span class='ocrx_word' id='word_1_39' title='bbox 1273 370 1351 418; x_wconf 84' lang='lat' dir='ltr'>sed,</span> 
     </span>
     <span class='ocr_line' id='line_1_6' title="bbox 240 423 1353 481; baseline 0.003 -23"><span class='ocrx_word' id='word_1_40' title='bbox 240 434 501 481; x_wconf 71' lang='lat' dir='ltr'>quascumque</span> <span class='ocrx_word' id='word_1_41' title='bbox 518 423 735 474; x_wconf 66' lang='lat' dir='ltr'>reipublicae</span> <span class='ocrx_word' id='word_1_42' title='bbox 755 431 886 469; x_wconf 83' lang='lat' dir='ltr'>status,</span> <span class='ocrx_word' id='word_1_43' title='bbox 907 423 1101 462; x_wconf 82' lang='lat' dir='ltr'>inclinatio</span> <span class='ocrx_word' id='word_1_44' title='bbox 1121 430 1353 475; x_wconf 87' lang='lat' dir='ltr'>temporum,</span> 
     </span>
     <span class='ocr_line' id='line_1_7' title="bbox 240 475 1355 527; baseline 0.003 -15"><span class='ocrx_word' id='word_1_45' title='bbox 240 475 336 513; x_wconf 80' lang='lat' dir='ltr'>ratio</span> <span class='ocrx_word' id='word_1_46' title='bbox 355 476 562 514; x_wconf 79' lang='lat' dir='ltr'>concordiae</span> <span class='ocrx_word' id='word_1_47' title='bbox 580 478 801 527; x_wconf 78' lang='lat' dir='ltr'>postularet,</span> <span class='ocrx_word' id='word_1_48' title='bbox 830 490 907 515; x_wconf 82' lang='lat' dir='ltr'>esse</span> <span class='ocrx_word' id='word_1_49' title='bbox 931 477 1196 515; x_wconf 87' lang='lat' dir='ltr'>defendendas.</span> <span class='ocrx_word' id='word_1_50' title='bbox 1236 477 1355 525; x_wconf 86' lang='lat' dir='ltr'>Quod</span> 
     </span>
     <span class='ocr_line' id='line_1_8' title="bbox 241 529 1354 590; baseline 0.003 -24"><span class='ocrx_word' id='word_1_51' title='bbox 241 540 311 579; x_wconf 87' lang='lat' dir='ltr'>ego</span> <span class='ocrx_word' id='word_1_52' title='bbox 331 536 368 566; x_wconf 87' lang='lat' dir='ltr'>et</span> <span class='ocrx_word' id='word_1_53' title='bbox 386 529 496 578; x_wconf 87' lang='lat' dir='ltr'>facio,</span> <span class='ocrx_word' id='word_1_54' title='bbox 518 530 747 590; x_wconf 83' lang='lat' dir='ltr'>Laterensis,</span> <span class='ocrx_word' id='word_1_55' title='bbox 778 539 815 569; x_wconf 91' lang='lat' dir='ltr'>et</span> <span class='ocrx_word' id='word_1_56' title='bbox 833 543 980 582; x_wconf 83' lang='lat' dir='ltr'>semper</span> <span class='ocrx_word' id='word_1_57' title='bbox 1007 531 1354 576; x_wconf 83' lang='lat' dir='ltr'>faciam31iberta-</span> 
     </span>
     <span class='ocr_line' id='line_1_9' title="bbox 241 584 1354 643; baseline 0.003 -24"><span class='ocrx_word' id='word_1_58' title='bbox 241 588 408 643; x_wconf 75' lang='lat' dir='ltr'>temque,</span> <span class='ocrx_word' id='word_1_59' title='bbox 431 596 548 634; x_wconf 83' lang='lat' dir='ltr'>quam</span> <span class='ocrx_word' id='word_1_60' title='bbox 567 584 607 621; x_wconf 91' lang='lat' dir='ltr'>in</span> <span class='ocrx_word' id='word_1_61' title='bbox 637 597 700 622; x_wconf 89' lang='lat' dir='ltr'>me</span> <span class='ocrx_word' id='word_1_62' title='bbox 728 584 901 635; x_wconf 83' lang='lat' dir='ltr'>requiris,</span> <span class='ocrx_word' id='word_1_63' title='bbox 928 597 1046 636; x_wconf 88' lang='lat' dir='ltr'>quam</span> <span class='ocrx_word' id='word_1_64' title='bbox 1066 597 1135 634; x_wconf 85' lang='lat' dir='ltr'>ego</span> <span class='ocrx_word' id='word_1_65' title='bbox 1154 597 1278 636; x_wconf 87' lang='lat' dir='ltr'>neque</span> <span class='ocrx_word' id='word_1_66' title='bbox 1295 584 1354 622; x_wconf 89' lang='lat' dir='ltr'>di-</span> 
     </span>
     <span class='ocr_line' id='line_1_10' title="bbox 241 636 1355 689; baseline 0.004 -16"><span class='ocrx_word' id='word_1_67' title='bbox 241 636 328 674; x_wconf 89' lang='lat' dir='ltr'>misi</span> <span class='ocrx_word' id='word_1_68' title='bbox 347 650 534 688; x_wconf 82' lang='lat' dir='ltr'>unquam,</span> <span class='ocrx_word' id='word_1_69' title='bbox 551 650 674 689; x_wconf 88' lang='lat' dir='ltr'>neque</span> <span class='ocrx_word' id='word_1_70' title='bbox 692 638 898 685; x_wconf 80' lang='lat' dir='ltr'><strong>dimittam,</strong></span> <span class='ocrx_word' id='word_1_71' title='bbox 914 650 990 676; x_wconf 91' lang='lat' dir='ltr'>non</span> <span class='ocrx_word' id='word_1_72' title='bbox 1003 638 1043 675; x_wconf 90' lang='lat' dir='ltr'>in</span> <span class='ocrx_word' id='word_1_73' title='bbox 1056 638 1276 688; x_wconf 80' lang='lat' dir='ltr'>pertinacia,</span> <span class='ocrx_word' id='word_1_74' title='bbox 1290 639 1355 678; x_wconf 87' lang='lat' dir='ltr'>sed</span> 
     </span>
     <span class='ocr_line' id='line_1_11' title="bbox 241 689 1111 743; baseline 0.002 -16"><span class='ocrx_word' id='word_1_75' title='bbox 241 689 280 728; x_wconf 93' lang='lat' dir='ltr'>in</span> <span class='ocrx_word' id='word_1_76' title='bbox 301 690 471 741; x_wconf 63' lang='lat' dir='ltr'>quadam</span> <span class='ocrx_word' id='word_1_77' title='bbox 485 691 755 739; x_wconf 72' lang='lat' dir='ltr'><strong>moderatione,</strong></span> <span class='ocrx_word' id='word_1_78' title='bbox 775 692 937 743; x_wconf 83' lang='lat' dir='ltr'>positam</span> <span class='ocrx_word' id='word_1_79' title='bbox 955 693 1111 743; x_wconf 84' lang='lat' dir='ltr'>putabo.</span> 
     </span>
    </p>

    <p class='ocr_par' dir='ltr' id='par_1_3' title="bbox 239 744 1358 1644">
     <span class='ocr_line' id='line_1_12' title="bbox 295 744 1354 796; baseline 0.003 -15"><span class='ocrx_word' id='word_1_80' title='bbox 295 744 387 781; x_wconf 87' lang='lat' dir='ltr'>XL.</span> <span class='ocrx_word' id='word_1_81' title='bbox 417 745 459 783; x_wconf 95' lang='lat' dir='ltr'>N</span> <span class='ocrx_word' id='word_1_82' title='bbox 461 757 535 783; x_wconf 85' lang='lat' dir='ltr'>unc</span> <span class='ocrx_word' id='word_1_83' title='bbox 555 746 663 784; x_wconf 84' lang='lat' dir='ltr'>venio</span> <span class='ocrx_word' id='word_1_84' title='bbox 674 746 723 783; x_wconf 81' lang='lat' dir='ltr'>ad</span> <span class='ocrx_word' id='word_1_85' title='bbox 734 746 831 783; x_wconf 81' lang='lat' dir='ltr'>illud</span> <span class='ocrx_word' id='word_1_86' title='bbox 845 753 1073 792; x_wconf 81' lang='lat' dir='ltr'>extremum,</span> <span class='ocrx_word' id='word_1_87' title='bbox 1095 746 1197 796; x_wconf 90' lang='lat' dir='ltr'>quod</span> <span class='ocrx_word' id='word_1_88' title='bbox 1209 745 1354 795; x_wconf 78' lang='lat' dir='ltr'>dixisti,</span> 
     </span>
     <span class='ocr_line' id='line_1_13' title="bbox 241 796 1358 849; baseline 0.003 -14"><span class='ocrx_word' id='word_1_89' title='bbox 241 796 336 835; x_wconf 90' lang='lat' dir='ltr'>dum</span> <span class='ocrx_word' id='word_1_90' title='bbox 365 799 541 838; x_wconf 85' lang='lat' dir='ltr'>Plancii</span> <span class='ocrx_word' id='word_1_91' title='bbox 531 812 571 837; x_wconf 89' lang='lat' dir='ltr'>m</span> <span class='ocrx_word' id='word_1_92' title='bbox 590 813 652 838; x_wconf 84' lang='lat' dir='ltr'>me</span> <span class='ocrx_word' id='word_1_93' title='bbox 675 800 856 838; x_wconf 74' lang='lat' dir='ltr'>meritum</span> <span class='ocrx_word' id='word_1_94' title='bbox 883 799 1004 838; x_wconf 86' lang='lat' dir='ltr'>verbis</span> <span class='ocrx_word' id='word_1_95' title='bbox 1031 800 1265 849; x_wconf 74' lang='lat' dir='ltr'>extollerem,</span> <span class='ocrx_word' id='word_1_96' title='bbox 1294 813 1358 838; x_wconf 88' lang='lat' dir='ltr'>me</span> 
     </span>
     <span class='ocr_line' id='line_1_14' title="bbox 241 852 1358 905; baseline 0.003 -16"><span class='ocrx_word' id='word_1_97' title='bbox 241 864 365 890; x_wconf 79' lang='lat' dir='ltr'>arcem</span> <span class='ocrx_word' id='word_1_98' title='bbox 384 852 505 891; x_wconf 82' lang='lat' dir='ltr'>facere</span> <span class='ocrx_word' id='word_1_99' title='bbox 525 867 572 891; x_wconf 77' lang='lat' dir='ltr'>ex</span> <span class='ocrx_word' id='word_1_100' title='bbox 592 854 731 902; x_wconf 84' lang='lat' dir='ltr'>cloaca,</span> <span class='ocrx_word' id='word_1_101' title='bbox 752 853 996 905; x_wconf 77' lang='lat' dir='ltr'>lapidemque</span> <span class='ocrx_word' id='word_1_102' title='bbox 1015 867 1035 892; x_wconf 91' lang='lat' dir='ltr'>e</span> <span class='ocrx_word' id='word_1_103' title='bbox 1053 853 1225 904; x_wconf 87' lang='lat' dir='ltr'>sepulcro</span> <span class='ocrx_word' id='word_1_104' title='bbox 1245 866 1358 893; x_wconf 88' lang='lat' dir='ltr'>vene·-</span> 
     </span>
     <span class='ocr_line' id='line_1_15' title="bbox 240 905 1357 969; baseline 0.003 -26"><span class='ocrx_word' id='word_1_105' title='bbox 240 905 316 943; x_wconf 84' lang='lat' dir='ltr'>rari</span> <span class='ocrx_word' id='word_1_106' title='bbox 333 919 402 957; x_wconf 85' lang='lat' dir='ltr'>pro</span> <span class='ocrx_word' id='word_1_107' title='bbox 422 906 531 945; x_wconf 87' lang='lat' dir='ltr'>Deo:</span> <span class='ocrx_word' id='word_1_108' title='bbox 562 920 688 959; x_wconf 79' lang='lat' dir='ltr'>neque</span> <span class='ocrx_word' id='word_1_109' title='bbox 713 908 815 945; x_wconf 81' lang='lat' dir='ltr'>enim</span> <span class='ocrx_word' id='word_1_110' title='bbox 840 907 937 945; x_wconf 84' lang='lat' dir='ltr'>mihi</span> <span class='ocrx_word' id='word_1_111' title='bbox 961 907 1184 945; x_wconf 78' lang='lat' dir='ltr'>insidiarum</span> <span class='ocrx_word' id='word_1_112' title='bbox 1210 907 1357 969; x_wconf 77' lang='lat' dir='ltr'>pericu-</span> 
     </span>
     <span class='ocr_line' id='line_1_16' title="bbox 239 959 1358 1013; baseline 0.003 -17"><span class='ocrx_word' id='word_1_113' title='bbox 239 959 323 997; x_wconf 89' lang='lat' dir='ltr'>lum</span> <span class='ocrx_word' id='word_1_114' title='bbox 344 960 484 1009; x_wconf 91' lang='lat' dir='ltr'>ullum,</span> <span class='ocrx_word' id='word_1_115' title='bbox 504 973 629 1013; x_wconf 88' lang='lat' dir='ltr'>neque</span> <span class='ocrx_word' id='word_1_116' title='bbox 643 962 788 1009; x_wconf 88' lang='lat' dir='ltr'>mortis,</span> <span class='ocrx_word' id='word_1_117' title='bbox 802 962 875 1000; x_wconf 68' lang='lat' dir='ltr'>fuis</span> <span class='ocrx_word' id='word_1_118' title='bbox 871 974 930 999; x_wconf 90' lang='grc'>50.</span> <span class='ocrx_word' id='word_1_119' title='bbox 961 961 1083 1011; x_wconf 83' lang='lat' dir='ltr'>Cujus</span> <span class='ocrx_word' id='word_1_120' title='bbox 1097 973 1167 1012; x_wconf 85' lang='lat' dir='ltr'>ego</span> <span class='ocrx_word' id='word_1_121' title='bbox 1178 961 1358 1013; x_wconf 87' lang='lat' dir='ltr'>temporis</span> 
     </span>
     <span class='ocr_line' id='line_1_17' title="bbox 241 1013 1356 1067; baseline 0.002 -16"><span class='ocrx_word' id='word_1_122' title='bbox 241 1013 428 1052; x_wconf 79' lang='lat' dir='ltr'>rationem</span> <span class='ocrx_word' id='word_1_123' title='bbox 448 1015 645 1067; x_wconf 80' lang='lat' dir='ltr'>explicabo</span> <span class='ocrx_word' id='word_1_124' title='bbox 664 1016 783 1065; x_wconf 89' lang='lat' dir='ltr'>brevi,</span> <span class='ocrx_word' id='word_1_125' title='bbox 804 1028 928 1067; x_wconf 87' lang='lat' dir='ltr'>neque</span> <span class='ocrx_word' id='word_1_126' title='bbox 946 1015 1098 1054; x_wconf 89' lang='lat' dir='ltr'>invitus.</span> <span class='ocrx_word' id='word_1_127' title='bbox 1128 1015 1241 1054; x_wconf 76' lang='lat' dir='ltr'>Nihil</span> <span class='ocrx_word' id='word_1_128' title='bbox 1253 1015 1356 1053; x_wconf 88' lang='lat' dir='ltr'>enim</span> 
     </span>
     <span class='ocr_line' id='line_1_18' title="bbox 242 1068 1356 1122; baseline 0.002 -17"><span class='ocrx_word' id='word_1_129' title='bbox 242 1081 288 1105; x_wconf 84' lang='lat' dir='ltr'>ex</span> <span class='ocrx_word' id='word_1_130' title='bbox 319 1068 413 1107; x_wconf 87' lang='lat' dir='ltr'>meis</span> <span class='ocrx_word' id='word_1_131' title='bbox 444 1076 499 1107; x_wconf 88' lang='lat' dir='ltr'>est</span> <span class='ocrx_word' id='word_1_132' title='bbox 523 1070 772 1122; x_wconf 86' lang='lat' dir='ltr'>temporibus,</span> <span class='ocrx_word' id='word_1_133' title='bbox 804 1069 908 1121; x_wconf 86' lang='lat' dir='ltr'>quod</span> <span class='ocrx_word' id='word_1_134' title='bbox 935 1069 1064 1107; x_wconf 90' lang='lat' dir='ltr'>minus</span> <span class='ocrx_word' id='word_1_135' title='bbox 1092 1076 1356 1120; x_wconf 83' lang='lat' dir='ltr'>pervagatum,</span> 
     </span>
     <span class='ocr_line' id='line_1_19' title="bbox 241 1121 1358 1173; baseline 0.002 -14"><span class='ocrx_word' id='word_1_136' title='bbox 241 1121 421 1173; x_wconf 86' lang='lat' dir='ltr'>quodque</span> <span class='ocrx_word' id='word_1_137' title='bbox 435 1123 563 1162; x_wconf 80' lang='lat' dir='ltr'>minus</span> <span class='ocrx_word' id='word_1_138' title='bbox 582 1132 649 1162; x_wconf 86' lang='lat' dir='ltr'>aut</span> <span class='ocrx_word' id='word_1_139' title='bbox 660 1137 747 1162; x_wconf 82' lang='lat' dir='ltr'>mea</span> <span class='ocrx_word' id='word_1_140' title='bbox 759 1123 1116 1162; x_wconf 83' lang='lat' dir='ltr'>commemoratione</span> <span class='ocrx_word' id='word_1_141' title='bbox 1127 1123 1358 1162; x_wconf 83' lang='lat' dir='ltr'>celebratum</span> 
     </span>
     <span class='ocr_line' id='line_1_20' title="bbox 242 1175 1354 1229; baseline 0.002 -17"><span class='ocrx_word' id='word_1_142' title='bbox 242 1175 303 1223; x_wconf 89' lang='lat' dir='ltr'>sit,</span> <span class='ocrx_word' id='word_1_143' title='bbox 320 1185 388 1214; x_wconf 85' lang='lat' dir='ltr'>aut</span> <span class='ocrx_word' id='word_1_144' title='bbox 404 1177 625 1216; x_wconf 86' lang='lat' dir='ltr'>hominibus</span> <span class='ocrx_word' id='word_1_145' title='bbox 644 1178 820 1216; x_wconf 85' lang='lat' dir='ltr'>auditum</span> <span class='ocrx_word' id='word_1_146' title='bbox 832 1185 947 1229; x_wconf 82' lang='lat' dir='ltr'>atque</span> <span class='ocrx_word' id='word_1_147' title='bbox 961 1184 1108 1216; x_wconf 88' lang='lat' dir='ltr'>notum.</span> <span class='ocrx_word' id='word_1_148' title='bbox 1138 1176 1225 1227; x_wconf 87' lang='lat' dir='ltr'>Ego</span> <span class='ocrx_word' id='word_1_149' title='bbox 1236 1177 1354 1225; x_wconf 87' lang='lat' dir='ltr'>enim,</span> 
     </span>
     <span class='ocr_line' id='line_1_21' title="bbox 241 1229 1354 1283; baseline 0.002 -17"><span class='ocrx_word' id='word_1_150' title='bbox 241 1229 471 1279; x_wconf 79' lang='lat' dir='ltr'>Laterensis,</span> <span class='ocrx_word' id='word_1_151' title='bbox 488 1245 535 1269; x_wconf 73' lang='lat' dir='ltr'>ex</span> <span class='ocrx_word' id='word_1_152' title='bbox 553 1232 620 1270; x_wconf 86' lang='lat' dir='ltr'>illo</span> <span class='ocrx_word' id='word_1_153' title='bbox 634 1232 807 1270; x_wconf 81' lang='lat' dir='ltr'>incendio</span> <span class='ocrx_word' id='word_1_154' title='bbox 821 1233 966 1283; x_wconf 87' lang='lat' dir='ltr'>legum,</span> <span class='ocrx_word' id='word_1_155' title='bbox 979 1232 1089 1280; x_wconf 84' lang='lat' dir='ltr'>juris,</span> <span class='ocrx_word' id='word_1_156' title='bbox 1107 1233 1270 1277; x_wconf 61' lang='lat' dir='ltr'>senatos,</span> <span class='ocrx_word' id='word_1_157' title='bbox 1286 1232 1354 1269; x_wconf 88' lang='lat' dir='ltr'>bo·</span> 
     </span>
     <span class='ocr_line' id='line_1_22' title="bbox 239 1284 1352 1333; baseline 0.004 -14"><span class='ocrx_word' id='word_1_158' title='bbox 239 1295 377 1320; x_wconf 84' lang='lat' dir='ltr'>norum</span> <span class='ocrx_word' id='word_1_159' title='bbox 396 1285 585 1333; x_wconf 82' lang='lat' dir='ltr'>omnium,</span> <span class='ocrx_word' id='word_1_160' title='bbox 607 1285 754 1333; x_wconf 86' lang='lat' dir='ltr'>cedens,</span> <span class='ocrx_word' id='word_1_161' title='bbox 775 1289 880 1329; x_wconf 86' lang='lat' dir='ltr'>(cum</span> <span class='ocrx_word' id='word_1_162' title='bbox 892 1298 978 1323; x_wconf 88' lang='lat' dir='ltr'>mea</span> <span class='ocrx_word' id='word_1_163' title='bbox 992 1285 1129 1323; x_wconf 80' lang='lat' dir='ltr'>domus</span> <span class='ocrx_word' id='word_1_164' title='bbox 1141 1284 1271 1322; x_wconf 77' lang='lat' dir='ltr'>ardore</span> <span class='ocrx_word' id='word_1_165' title='bbox 1282 1298 1352 1323; x_wconf 84' lang='lat' dir='ltr'>suo</span> 
     </span>
     <span class='ocr_line' id='line_1_23' title="bbox 240 1336 1352 1397; baseline 0.002 -24"><span class='ocrx_word' id='word_1_166' title='bbox 240 1336 548 1397; x_wconf 76' lang='lat' dir='ltr'>deflagrationem</span> <span class='ocrx_word' id='word_1_167' title='bbox 558 1339 656 1377; x_wconf 91' lang='lat' dir='ltr'>Urbi</span> <span class='ocrx_word' id='word_1_168' title='bbox 675 1347 789 1390; x_wconf 81' lang='lat' dir='ltr'>atque</span> <span class='ocrx_word' id='word_1_169' title='bbox 810 1339 932 1377; x_wconf 82' lang='lat' dir='ltr'>Italiae</span> <span class='ocrx_word' id='word_1_170' title='bbox 950 1338 1019 1376; x_wconf 81' lang='lat' dir='ltr'>toti</span> <span class='ocrx_word' id='word_1_171' title='bbox 1037 1338 1259 1385; x_wconf 83' lang='lat' dir='ltr'>minaretur,</span> <span class='ocrx_word' id='word_1_172' title='bbox 1280 1339 1352 1376; x_wconf 83' lang='lat' dir='ltr'>nisi</span> 
     </span>
     <span class='ocr_line' id='line_1_24' title="bbox 240 1391 1352 1444; baseline 0.004 -18"><span class='ocrx_word' id='word_1_173' title='bbox 240 1391 482 1440; x_wconf 82' lang='lat' dir='ltr'>quievissem)</span> <span class='ocrx_word' id='word_1_174' title='bbox 502 1392 671 1431; x_wconf 80' lang='lat' dir='ltr'>Siciliam</span> <span class='ocrx_word' id='word_1_175' title='bbox 697 1393 813 1444; x_wconf 77' lang='lat' dir='ltr'>petivi</span> <span class='ocrx_word' id='word_1_176' title='bbox 832 1393 974 1439; x_wconf 82' lang='lat' dir='ltr'>animo,</span> <span class='ocrx_word' id='word_1_177' title='bbox 1001 1405 1088 1442; x_wconf 86' lang='lat' dir='ltr'>quae</span> <span class='ocrx_word' id='word_1_178' title='bbox 1106 1399 1143 1429; x_wconf 90' lang='lat' dir='ltr'>et</span> <span class='ocrx_word' id='word_1_179' title='bbox 1167 1391 1249 1442; x_wconf 83' lang='lat' dir='ltr'>ipsa</span> <span class='ocrx_word' id='word_1_180' title='bbox 1274 1399 1352 1430; x_wconf 86' lang='lat' dir='ltr'>erat</span> 
     </span>
     <span class='ocr_line' id='line_1_25' title="bbox 239 1443 1352 1495; baseline 0.003 -15"><span class='ocrx_word' id='word_1_181' title='bbox 239 1443 350 1491; x_wconf 80' lang='lat' dir='ltr'>mihi,</span> <span class='ocrx_word' id='word_1_182' title='bbox 371 1446 467 1483; x_wconf 74' lang='lat' dir='ltr'>sicut</span> <span class='ocrx_word' id='word_1_183' title='bbox 485 1446 621 1483; x_wconf 84' lang='lat' dir='ltr'>domus</span> <span class='ocrx_word' id='word_1_184' title='bbox 639 1459 730 1491; x_wconf 80' lang='lat' dir='ltr'>una,</span> <span class='ocrx_word' id='word_1_185' title='bbox 761 1447 976 1495; x_wconf 79' lang='lat' dir='ltr'>conjuncta,</span> <span class='ocrx_word' id='word_1_186' title='bbox 1005 1453 1042 1482; x_wconf 81' lang='lat' dir='ltr'>et</span> <span class='ocrx_word' id='word_1_187' title='bbox 1071 1445 1310 1483; x_wconf 82' lang='lat' dir='ltr'>obtinebatur</span> <span class='ocrx_word' id='word_1_188' title='bbox 1329 1459 1352 1483; x_wconf 87' lang='grc'>0</span> 
     </span>
     <span class='ocr_line' id='line_1_26' title="bbox 241 1497 1351 1558; baseline 0.002 -24"><span class='ocrx_word' id='word_1_189' title='bbox 241 1498 286 1534; x_wconf 89' lang='lat' dir='ltr'>C.</span> <span class='ocrx_word' id='word_1_190' title='bbox 306 1497 495 1558; x_wconf 78' lang='lat' dir='ltr'>Virgilio;</span> <span class='ocrx_word' id='word_1_191' title='bbox 526 1511 691 1549; x_wconf 90' lang='lat' dir='ltr'>quocum</span> <span class='ocrx_word' id='word_1_192' title='bbox 721 1512 784 1535; x_wconf 84' lang='lat' dir='ltr'>me</span> <span class='ocrx_word' id='word_1_193' title='bbox 810 1511 887 1534; x_wconf 84' lang='lat' dir='ltr'>uno</span> <span class='ocrx_word' id='word_1_194' title='bbox 906 1499 965 1535; x_wconf 92' lang='lat' dir='ltr'>vel</span> <span class='ocrx_word' id='word_1_195' title='bbox 992 1499 1161 1536; x_wconf 73' lang='lat' dir='ltr'>maxime</span> <span class='ocrx_word' id='word_1_196' title='bbox 1179 1511 1268 1536; x_wconf 90' lang='lat' dir='ltr'>cum</span> <span class='ocrx_word' id='word_1_197' title='bbox 1287 1510 1351 1536; x_wconf 90' lang='lat' dir='ltr'>ve-</span> 
     </span>
     <span class='ocr_line' id='line_1_27' title="bbox 240 1551 1349 1603; baseline 0.003 -15"><span class='ocrx_word' id='word_1_198' title='bbox 240 1558 342 1589; x_wconf 88' lang='lat' dir='ltr'>tusta</span> <span class='ocrx_word' id='word_1_199' title='bbox 355 1552 533 1600; x_wconf 83' lang='lat' dir='ltr'>amicitia,</span> <span class='ocrx_word' id='word_1_200' title='bbox 543 1559 626 1589; x_wconf 84' lang='lat' dir='ltr'>tum</span> <span class='ocrx_word' id='word_1_201' title='bbox 639 1564 701 1589; x_wconf 84' lang='lat' dir='ltr'>me</span> <span class='ocrx_word' id='word_1_202' title='bbox 712 1552 836 1589; x_wconf 86' lang='lat' dir='ltr'>fratris</span> <span class='ocrx_word' id='word_1_203' title='bbox 848 1551 1019 1602; x_wconf 75' lang='lat' dir='ltr'>collegia,</span> <span class='ocrx_word' id='word_1_204' title='bbox 1033 1558 1117 1589; x_wconf 86' lang='lat' dir='ltr'>tum</span> <span class='ocrx_word' id='word_1_205' title='bbox 1129 1564 1187 1589; x_wconf 85' lang='lat' dir='ltr'>res</span> <span class='ocrx_word' id='word_1_206' title='bbox 1196 1552 1349 1603; x_wconf 83' lang='lat' dir='ltr'>publica</span> 
     </span>
     <span class='ocr_line' id='line_1_28' title="bbox 241 1604 408 1644; baseline 0 -1"><span class='ocrx_word' id='word_1_207' title='bbox 241 1604 408 1644; x_wconf 61' lang='lat' dir='ltr'>sociarat.</span> 
     </span>
    </p>

    <p class='ocr_par' dir='ltr' id='par_1_4' title="bbox 236 1659 1352 2196">
     <span class='ocr_line' id='line_1_29' title="bbox 291 1659 1352 1711; baseline 0.002 -14"><span class='ocrx_word' id='word_1_208' title='bbox 291 1659 394 1698; x_wconf 88' lang='lat' dir='ltr'>Vide</span> <span class='ocrx_word' id='word_1_209' title='bbox 405 1672 507 1698; x_wconf 83' lang='lat' dir='ltr'>nunc</span> <span class='ocrx_word' id='word_1_210' title='bbox 519 1659 718 1710; x_wconf 78' lang='lat' dir='ltr'>caliginem</span> <span class='ocrx_word' id='word_1_211' title='bbox 728 1667 942 1710; x_wconf 82' lang='lat' dir='ltr'>temporum</span> <span class='ocrx_word' id='word_1_212' title='bbox 956 1659 1123 1697; x_wconf 86' lang='lat' dir='ltr'>illorum.</span> <span class='ocrx_word' id='word_1_213' title='bbox 1153 1659 1256 1698; x_wconf 87' lang='lat' dir='ltr'>Cum</span> <span class='ocrx_word' id='word_1_214' title='bbox 1269 1660 1352 1711; x_wconf 86' lang='lat' dir='ltr'>ipsa</span> 
     </span>
     <span class='ocr_line' id='line_1_30' title="bbox 239 1713 1350 1764; baseline 0.001 -14"><span class='ocrx_word' id='word_1_215' title='bbox 239 1726 348 1764; x_wconf 79' lang='lat' dir='ltr'>paene</span> <span class='ocrx_word' id='word_1_216' title='bbox 365 1713 492 1751; x_wconf 89' lang='lat' dir='ltr'>insula</span> <span class='ocrx_word' id='word_1_217' title='bbox 516 1714 612 1755; x_wconf 76' lang='lat' dir='ltr'>mihi</span> <span class='ocrx_word' id='word_1_218' title='bbox 641 1726 720 1751; x_wconf 82' lang='lat' dir='ltr'>sese</span> <span class='ocrx_word' id='word_1_219' title='bbox 745 1713 896 1751; x_wconf 72' lang='lat' dir='ltr'>obviam</span> <span class='ocrx_word' id='word_1_220' title='bbox 926 1713 1023 1750; x_wconf 80' lang='lat' dir='ltr'>ferre</span> <span class='ocrx_word' id='word_1_221' title='bbox 1046 1713 1183 1758; x_wconf 79' lang='lat' dir='ltr'>vellet3</span> <span class='ocrx_word' id='word_1_222' title='bbox 1212 1720 1350 1764; x_wconf 86' lang='lat' dir='ltr'>praetor</span> 
     </span>
     <span class='ocr_line' id='line_1_31' title="bbox 237 1767 1348 1818; baseline 0 -13"><span class='ocrx_word' id='word_1_223' title='bbox 237 1767 301 1805; x_wconf 84' lang='lat' dir='ltr'>ille</span> <span class='ocrx_word' id='word_1_224' title='bbox 320 1767 507 1816; x_wconf 87' lang='lat' dir='ltr'>(ejusdem</span> <span class='ocrx_word' id='word_1_225' title='bbox 523 1767 666 1805; x_wconf 81' lang='lat' dir='ltr'>tribuni</span> <span class='ocrx_word' id='word_1_226' title='bbox 677 1767 798 1818; x_wconf 82' lang='lat' dir='ltr'>plebis</span> <span class='ocrx_word' id='word_1_227' title='bbox 811 1767 1066 1813; x_wconf 85' lang='lat' dir='ltr'>concionibus,</span> <span class='ocrx_word' id='word_1_228' title='bbox 1079 1774 1233 1818; x_wconf 83' lang='lat' dir='ltr'>propter</span> <span class='ocrx_word' id='word_1_229' title='bbox 1244 1780 1348 1805; x_wconf 86' lang='lat' dir='ltr'>eam-</span> 
     </span>
     <span class='ocr_line' id='line_1_32' title="bbox 236 1820 1348 1872; baseline 0 -13"><span class='ocrx_word' id='word_1_230' title='bbox 236 1822 326 1859; x_wconf 84' lang='lat' dir='ltr'>dem</span> <span class='ocrx_word' id='word_1_231' title='bbox 343 1821 560 1872; x_wconf 67' lang='lat' dir='ltr'>reipublicae</span> <span class='ocrx_word' id='word_1_232' title='bbox 579 1834 745 1868; x_wconf 81' lang='lat' dir='ltr'>causam,</span> <span class='ocrx_word' id='word_1_233' title='bbox 766 1834 864 1872; x_wconf 86' lang='lat' dir='ltr'>saepe</span> <span class='ocrx_word' id='word_1_234' title='bbox 879 1828 1054 1867; x_wconf 83' lang='lat' dir='ltr'>vexatus)</span> <span class='ocrx_word' id='word_1_235' title='bbox 1074 1820 1348 1872; x_wconf 85' lang='lat' dir='ltr'>nihilamplius</span> 
     </span>
     <span class='ocr_line' id='line_1_33' title="bbox 237 1873 1345 1921; baseline 0 -8"><span class='ocrx_word' id='word_1_236' title='bbox 237 1875 335 1921; x_wconf 86' lang='lat' dir='ltr'>dico,</span> <span class='ocrx_word' id='word_1_237' title='bbox 356 1874 441 1920; x_wconf 87' lang='lat' dir='ltr'>nisi,</span> <span class='ocrx_word' id='word_1_238' title='bbox 457 1887 521 1912; x_wconf 88' lang='lat' dir='ltr'>me</span> <span class='ocrx_word' id='word_1_239' title='bbox 534 1875 573 1912; x_wconf 92' lang='lat' dir='ltr'>in</span> <span class='ocrx_word' id='word_1_240' title='bbox 587 1874 755 1912; x_wconf 54' lang='lat' dir='ltr'>siciliam</span> <span class='ocrx_word' id='word_1_241' title='bbox 768 1875 893 1913; x_wconf 82' lang='lat' dir='ltr'>venire</span> <span class='ocrx_word' id='word_1_242' title='bbox 904 1874 1037 1911; x_wconf 78' lang='lat' dir='ltr'>noluit.</span> <span class='ocrx_word' id='word_1_243' title='bbox 1067 1873 1176 1920; x_wconf 77' lang='lat' dir='ltr'>Quid</span> <span class='ocrx_word' id='word_1_244' title='bbox 1189 1873 1313 1912; x_wconf 82' lang='lat' dir='ltr'>dicam</span> <span class='ocrx_word' id='word_1_245' title='bbox 1327 1878 1345 1913; x_wconf 66' lang='grc' dir='ltr'><strong><em>Ρ</em></strong></span> 
     </span>
     <span class='ocr_line' id='line_1_34' title="bbox 238 1927 1346 1979; baseline -0.001 -12"><span class='ocrx_word' id='word_1_246' title='bbox 238 1930 283 1967; x_wconf 86' lang='lat' dir='ltr'>C.</span> <span class='ocrx_word' id='word_1_247' title='bbox 304 1929 483 1979; x_wconf 78' lang='lat' dir='ltr'>Virgilio,</span> <span class='ocrx_word' id='word_1_248' title='bbox 503 1928 569 1966; x_wconf 83' lang='lat' dir='ltr'>tali</span> <span class='ocrx_word' id='word_1_249' title='bbox 589 1928 661 1966; x_wconf 86' lang='lat' dir='ltr'>civi</span> <span class='ocrx_word' id='word_1_250' title='bbox 691 1937 728 1966; x_wconf 87' lang='lat' dir='ltr'>et</span> <span class='ocrx_word' id='word_1_251' title='bbox 745 1929 839 1975; x_wconf 88' lang='lat' dir='ltr'>viro,</span> <span class='ocrx_word' id='word_1_252' title='bbox 871 1927 1172 1967; x_wconf 84' lang='lat' dir='ltr'>benevolentiam</span> <span class='ocrx_word' id='word_1_253' title='bbox 1202 1927 1242 1964; x_wconf 91' lang='lat' dir='ltr'>in</span> <span class='ocrx_word' id='word_1_254' title='bbox 1268 1940 1346 1975; x_wconf 88' lang='lat' dir='ltr'>me,</span> 
     </span>
     <span class='ocr_line' id='line_1_35' title="bbox 237 1981 1346 2033; baseline 0 -13"><span class='ocrx_word' id='word_1_255' title='bbox 237 1983 462 2021; x_wconf 86' lang='lat' dir='ltr'>memoriam</span> <span class='ocrx_word' id='word_1_256' title='bbox 476 1982 739 2021; x_wconf 88' lang='lat' dir='ltr'>communium</span> <span class='ocrx_word' id='word_1_257' title='bbox 753 1990 984 2033; x_wconf 89' lang='lat' dir='ltr'>temporum,</span> <span class='ocrx_word' id='word_1_258' title='bbox 1003 1982 1196 2032; x_wconf 84' lang='lat' dir='ltr'>pietatem,</span> <span class='ocrx_word' id='word_1_259' title='bbox 1209 1981 1346 2020; x_wconf 83' lang='lat' dir='ltr'>huma-</span> 
     </span>
     <span class='ocr_line' id='line_1_36' title="bbox 237 2034 1344 2085; baseline -0.002 -11"><span class='ocrx_word' id='word_1_260' title='bbox 237 2038 410 2084; x_wconf 76' lang='lat' dir='ltr'>nitatem,</span> <span class='ocrx_word' id='word_1_261' title='bbox 431 2036 559 2079; x_wconf 87' lang='lat' dir='ltr'>fidem,</span> <span class='ocrx_word' id='word_1_262' title='bbox 582 2034 773 2074; x_wconf 82' lang='lat' dir='ltr'>defuisse?</span> <span class='ocrx_word' id='word_1_263' title='bbox 804 2036 929 2083; x_wconf 82' lang='lat' dir='ltr'>Nihil,</span> <span class='ocrx_word' id='word_1_264' title='bbox 942 2035 1102 2085; x_wconf 89' lang='lat' dir='ltr'>judices,</span> <span class='ocrx_word' id='word_1_265' title='bbox 1118 2043 1173 2073; x_wconf 88' lang='lat' dir='ltr'>est</span> <span class='ocrx_word' id='word_1_266' title='bbox 1187 2047 1317 2073; x_wconf 87' lang='lat' dir='ltr'>eorum</span> <span class='ocrx_word' id='word_1_267' title='bbox 1332 2051 1344 2073; x_wconf 69' lang='grc' dir='ltr'>ε</span> 
     </span>
     <span class='ocr_line' id='line_1_37' title="bbox 238 2087 1344 2141; baseline -0.002 -13"><span class='ocrx_word' id='word_1_268' title='bbox 238 2091 316 2137; x_wconf 83' lang='grc'>5011,</span> <span class='ocrx_word' id='word_1_269' title='bbox 330 2103 448 2141; x_wconf 84' lang='lat' dir='ltr'>quam</span> <span class='ocrx_word' id='word_1_270' title='bbox 464 2097 725 2141; x_wconf 83' lang='lat' dir='ltr'>tempestatem</span> <span class='ocrx_word' id='word_1_271' title='bbox 739 2102 806 2128; x_wconf 85' lang='lat' dir='ltr'>nos</span> <span class='ocrx_word' id='word_1_272' title='bbox 819 2090 1012 2128; x_wconf 86' lang='lat' dir='ltr'>vobiscum</span> <span class='ocrx_word' id='word_1_273' title='bbox 1025 2101 1100 2126; x_wconf 90' lang='lat' dir='ltr'>non</span> <span class='ocrx_word' id='word_1_274' title='bbox 1113 2087 1344 2132; x_wconf 83' lang='lat' dir='ltr'>tulissemus,</span> 
     </span>
     <span class='ocr_line' id='line_1_38' title="bbox 236 2142 1346 2196; baseline -0.002 -14"><span class='ocrx_word' id='word_1_275' title='bbox 236 2145 385 2191; x_wconf 82' lang='lat' dir='ltr'>metuit,</span> <span class='ocrx_word' id='word_1_276' title='bbox 396 2152 438 2183; x_wconf 86' lang='lat' dir='ltr'>ut</span> <span class='ocrx_word' id='word_1_277' title='bbox 451 2157 534 2183; x_wconf 88' lang='lat' dir='ltr'>eam</span> <span class='ocrx_word' id='word_1_278' title='bbox 549 2145 628 2196; x_wconf 79' lang='lat' dir='ltr'>ipse</span> <span class='ocrx_word' id='word_1_279' title='bbox 645 2152 769 2193; x_wconf 75' lang='lat' dir='ltr'>posset</span> <span class='ocrx_word' id='word_1_280' title='bbox 781 2143 917 2195; x_wconf 84' lang='lat' dir='ltr'>opibus</span> <span class='ocrx_word' id='word_1_281' title='bbox 926 2143 1002 2182; x_wconf 82' lang='lat' dir='ltr'>suis</span> <span class='ocrx_word' id='word_1_282' title='bbox 1015 2142 1208 2185; x_wconf 78' lang='lat' dir='ltr'>sustinere.</span> <span class='ocrx_word' id='word_1_283' title='bbox 1223 2142 1346 2187; x_wconf 79' lang='lat' dir='ltr'>Tum,</span> 
     </span>
    </p>
   </div>
  </div>
 </body>
</html>
