1455 2343
237 95 314 131 232
498 93 592 132 'Ro
623 94 890 134 PLANCIO.
919 95 1022 134 CAP.
1047 96 1107 134 15,

235 208 296 240 tus
310 215 322 247 3
352 208 389 239 et
407 201 497 252 quia
515 205 576 245 (ut
593 203 636 240 fit
653 202 693 240 in
708 203 855 251 multis)
869 203 946 241 exit
960 201 1163 254 aliquando
1176 200 1335 254 aliquid,

235 256 361 293 sinon
387 255 631 305 perfacetum,
658 264 823 294 attamen
852 257 1008 295 fortasse
1033 270 1109 295 non
1128 256 1337 301 rusticum3

236 309 339 360 quod
351 309 511 360 quisque
522 310 631 356 d'nzit,
645 323 707 348 1118
720 311 760 348 id
774 311 912 349 dixisse
922 311 1062 349 dicunt.
1092 310 1178 361 Ego
1193 317 1337 356 autem,

236 364 268 400 si
287 363 380 413 quid
399 371 467 409 est,
499 364 601 414 quod
630 365 725 402 mihi
743 365 878 402 scitum
899 378 976 402 esse
995 364 1178 411 videatur,
1210 371 1247 401 et
1270 363 1340 400 ho-

235 416 338 454 mine
365 417 528 467 ingenuo
553 417 713 467 dignum
741 427 854 469 atque
875 418 997 465 docto,
1017 431 1092 455 non
1107 417 1337 478 adspernor·
1325 444 1338 461 ‚

237 472 449 508 stomachor
467 483 566 515 vero,
588 485 675 509 cum
695 473 870 519 aliorum,
891 484 951 510 no
942 485 966 508 1
985 485 1047 509 me
1072 471 1200 521 digna,
1222 471 1260 507 in
1279 482 1343 507 me

237 523 491 562 conferuntur.
523 525 597 562 Na
589 538 642 571 m,
664 526 765 576 quod
784 526 930 576 primus
949 526 1054 563 scivit
1071 526 1194 575 legem
1209 524 1256 561 de
1270 536 1343 574 pu-

235 577 405 623 blicanis,
426 585 524 624 tum,
546 591 632 615 cum
653 580 708 616 vir
727 580 983 629 amplissimus
1002 579 1133 617 consul
1150 577 1190 615 id
1208 577 1264 614 illi
1283 590 1344 614 or·

235 630 316 668 dini
334 644 401 681 per
419 632 606 681 populum
625 632 741 679 dedit,
762 633 864 683 quod
882 646 950 683 per
968 640 1153 677 senatum,
1174 631 1205 668 si
1218 630 1345 668 licuis-

235 692 305 731 set,
337 685 520 730 dedisset3
552 685 582 723 si
606 685 646 722 in
666 699 709 723 eo
734 686 875 724 crimen
905 693 973 733 est,
1000 685 1091 737 quia
1120 684 1345 745 suffragium

235 713 351 783 tulit3
382 738 466 789 quis
491 751 567 777 non
596 739 684 777 tulit
705 740 962 790 publicanus?
992 740 1046 788 si,
1078 739 1169 798 quia
1196 738 1344 788 primus

236 791 366 836 scivit3
397 799 527 830 utrum
542 793 582 830 id
601 793 707 831 sortis
722 807 799 831 esse
811 794 880 841 vis,
897 806 945 831 an
965 794 1059 842 ejus,
1080 792 1147 843 qui
1165 791 1272 830 illam
1289 791 1346 828 le-

238 857 325 895 gem
338 846 508 884 ferebat?
530 846 571 884 si
585 847 715 892 sortis3
737 848 889 885 nullum
903 847 1047 885 crimen
1061 853 1116 884 est
1126 847 1166 882 in
1179 857 1291 884 casu:
1313 844 1347 882 si

238 899 421 945 consulis;
444 900 620 950 splendor
639 900 752 938 etiam
773 901 934 950 Plancii,
949 901 1052 939 hunc
1064 913 1087 938 a
1101 911 1253 937 summo
1265 897 1345 937 viro

235 952 445 1004 principem
464 953 603 992 ordinis
622 968 700 992 esse
715 955 941 1004 judicatum.

289 1006 383 1044 XV.
414 1007 489 1044 Sed
507 1007 711 1058 aliquando
729 1009 926 1046 veniamus
945 1008 993 1046 ad
1007 1019 1171 1046 causam.
1202 1006 1252 1044 In
1267 1004 1346 1056 qu‘Ja

236 1066 294 1108 tu,
315 1060 469 1098 nomine
486 1060 579 1111 legis
598 1061 771 1109 Liciniae,
798 1075 884 1112 quae
909 1069 964 1100 est
981 1062 1028 1099 de
1046 1060 1240 1107 sodalitiis,
1261 1072 1344 1097 om-

235 1125 301 1152 nes
320 1115 483 1152 ambitus
501 1115 603 1165 leges
622 1115 843 1165 complexus
862 1128 912 1152 es,
952 1116 1092 1166 Neque
1111 1114 1213 1152 enim
1232 1112 1345 1164 quid-

237 1181 354 1218 quam
374 1168 478 1205 aliud
496 1169 536 1205 in
556 1168 626 1206 hac
644 1169 741 1219 lege,
761 1169 834 1206 nisi
852 1169 1017 1207 editicios
1039 1168 1198 1218 judices,
1229 1179 1268 1204 es
1287 1179 1345 1204 se-

236 1229 359 1259 cutus.
390 1222 507 1269 Quod
525 1234 644 1272 genus
659 1222 889 1271 judiciorum
904 1223 936 1260 si
949 1230 1002 1260 est
1017 1235 1172 1273 aequum
1186 1219 1294 1258 nulla
1305 1220 1345 1257 in

235 1288 290 1322 re,
311 1275 383 1312 nisi
401 1276 473 1312 hac
491 1276 698 1322 tribuaria3
728 1288 805 1313 non
823 1276 1007 1326 intelligo,
1028 1276 1275 1327 quamobrem
1289 1286 1346 1311 se-

236 1335 348 1366 natus
367 1329 438 1366 hoc
457 1341 533 1366 uno
552 1329 592 1366 in
611 1341 746 1379 genere
764 1330 884 1367 tribus
905 1330 965 1367 edi
992 1329 1151 1367 voluerit
1169 1328 1217 1365 ab
1235 1339 1346 1365 accu-

235 1390 371 1429 satore,
391 1394 515 1433 neque
533 1382 706 1420 eamdem
725 1383 928 1420 editionem
940 1381 1170 1420 transtulerit
1181 1381 1221 1418 in
1236 1387 1347 1418 caete-

236 1448 297 1474 ras
316 1449 444 1474 causas
458 1449 469 1481 3
499 1435 546 1473 de
564 1436 645 1487 ipso
658 1436 820 1487 denique
834 1436 996 1483 ambitu,
1010 1435 1249 1485 rejectionem
1263 1433 1347 1471 fieri

235 1489 396 1528 voluerit
411 1489 585 1538 judicum
601 1490 831 1528 alternorum
846 1504 856 1527 ε
887 1502 1051 1540 cumque
1062 1489 1214 1526 nullum
1225 1499 1347 1538 genus

236 1542 448 1580 acerbitatis
477 1543 790 1594 praetermitteret,
810 1544 881 1582 hoc
900 1551 1028 1582 tamen
1046 1554 1170 1581 unum
1193 1547 1347 1592 praeter-

239 1597 408 1634 eundum
427 1596 581 1647 putarit.

233 1678 237 1681 -
291 1649 400 1697 Quid
415 1653 431 1689 Ρ
460 1651 576 1700 hujus
595 1651 650 1689 rei
668 1653 826 1690 obscura
839 1664 951 1690 causa
969 1651 1048 1690 est?
1076 1663 1125 1689 an
1140 1657 1177 1689 et
1190 1649 1345 1700 agitata,

237 1716 326 1742 cum
345 1704 416 1741 ista
433 1704 473 1741 in
493 1712 624 1742 senatu
640 1719 698 1743 res
711 1708 906 1756 agebatur,
920 1714 957 1744 et
971 1706 1162 1757 disputata
1171 1704 1346 1741 hesterno

234 1757 296 1796 die
314 1757 497 1808 copiosius
510 1758 592 1805 aQ.
607 1759 835 1797 Hortensio?
864 1760 926 1798 cui
944 1767 1030 1797 tum
1044 1766 1099 1797 est
1117 1764 1268 1796 senatus
1283 1769 1344 1794 as-

236 1823 379 1849 sensus.
421 1811 508 1849 Hoc
540 1812 657 1863 igitur
687 1813 895 1851 sensimus:
926 1814 1198 1863 cujuscumque
1227 1809 1348 1847 tribus

234 1865 391 1916 largitor
410 1872 518 1914 esset,
545 1879 612 1916 per
630 1866 728 1904 hanc
751 1866 1048 1915 consensionem,
1078 1878 1165 1917 quae
1191 1864 1347 1902 honeste

234 1919 357 1969 magis
377 1931 493 1970 quam
512 1932 598 1957 vere
617 1919 791 1958 sodalitas
814 1921 1086 1967 nominaretur,
1105 1930 1223 1970 quam
1242 1916 1347 1968 quis-

234 1985 309 2023 que
328 1972 469 2010 tribum
489 1973 592 2023 turpi
608 1973 806 2024 largitione
824 1980 1092 2025 corrumperet,
1121 1984 1211 2010 eum
1234 1982 1346 2008 max-

233 2026 311 2063 ime
329 2025 374 2063 iis
387 2026 619 2072 hominibus,
640 2027 706 2077 qui
722 2028 802 2075 ejus
818 2027 936 2066 tribus
954 2036 1088 2072 essent,
1104 2038 1183 2063 esse
1196 2031 1344 2062 notum.

235 2079 298 2117 Ita
323 2079 471 2130 putavit
499 2087 663 2140 senatus,
694 2093 782 2118 cum
810 2094 874 2118 reo
902 2081 1023 2118 tribus
1055 2080 1253 2118 ederentur
1277 2089 1344 2124 eae,

233 2146 327 2183 quas
344 2132 376 2170 is
394 2133 489 2184 largi
490 2133 590 2171 tione
609 2133 799 2172 devinctas
816 2134 985 2181 haberet,
1005 2133 1156 2173 eosdem
1173 2131 1253 2170 fore
1265 2137 1343 2169 tes-

234 2193 289 2224 tes
309 2194 346 2224 et
359 2187 515 2235 judices.
557 2187 754 2226 Acerbum
772 2187 929 2226 omnino
945 2199 1066 2238 genus
1081 2185 1241 2237 judicii:
1275 2182 1342 2222 sed
