1425 2334
362 110 475 149 PRO
503 107 700 148 sULLA.
730 108 833 148 cst.
863 110 927 146 28.
1144 112 1190 155 71

93 231 212 267 mam,
220 217 439 269 turpissima
445 224 566 255 morte
577 215 781 269 proposita,
790 213 964 267 degeret?
984 217 1074 257 Non
1083 218 1197 267 cadit,

93 286 184 320 non,
203 274 376 323 inquam,
397 270 495 309 cadit
513 271 553 308 in
571 271 640 310 hos
658 283 795 317 mores,
815 282 891 308 non
910 270 949 307 in
964 271 1065 310 hunc
1077 273 1198 324 pudo-

92 339 187 372 rem,
200 338 275 363 non
297 325 337 362 in
355 325 453 362 hanc
471 324 602 370 vitam,
626 338 702 363 non
721 325 761 361 in
780 324 882 361 hunc
900 324 1107 372 hominem,
1129 326 1200 363 ista

95 379 266 429 suspicio.
298 378 410 415 Nova
417 377 592 428 quaedam
603 379 669 416 illa
681 376 897 415 immanitas
906 387 1034 415 exorta
1045 386 1120 423 est3
1141 379 1201 416 in-

93 432 278 471 credibilis
289 431 363 468 fuit
375 443 417 469 ac
429 431 626 481 singularis
635 432 758 470 furor:
781 444 827 468 ex
840 431 983 477 multis,
998 434 1044 470 ab
1057 433 1202 470 adoles-

94 486 217 524 centia
235 484 410 531 collectis,
431 484 663 535 perditorum
686 484 886 522 hominum
911 485 1024 531 vitiis,
1051 495 1203 536 repente

94 547 199 578 tanta
210 539 281 577 ista
290 538 555 588 importunitas
566 537 726 576 inauditi
735 537 880 576 sceleris
893 538 1040 576 exarsit.
1056 540 1201 589 Nolite,

90 593 251 643 judices,
272 591 457 637 arbitrari,
481 591 682 629 hominum
701 592 811 629 illum
830 591 1017 642 impetum
1037 601 1073 631 et
1092 605 1202 632 cona-

95 655 179 685 tum
199 646 336 684 fuisse:
367 657 490 695 neque
509 645 610 682 enim
635 646 716 682 ulla
733 658 825 695 gens
854 652 933 682 tam
960 648 1119 684 barbara
1138 655 1204 686 aut

97 709 177 738 tam
195 698 373 737 immanis
390 711 562 749 unquam
581 699 668 745 fuit,
690 699 728 736 in
749 699 826 749 qua
839 711 913 736 non
925 700 1039 737 modo
1054 707 1121 747 tot,
1139 701 1204 739 sed

97 766 198 791 unus
216 761 295 790 tam
315 751 475 790 crudelis
489 751 605 788 hostis
623 752 754 802 patriae
773 752 820 789 sit
837 752 1022 790 inventus.
1053 754 1204 792 Belluae

99 807 274 858 quaedam
293 806 369 843 illae
399 818 446 842 ex
476 805 657 855 portentis
683 805 869 842 immanes
887 818 929 843 ac
948 805 1050 854 ferae,
1080 807 1205 846 forma¹

97 860 299 898 hominum
311 858 467 905 indutae,
483 858 716 895 exstiterunt,
747 858 950 908 Perspicite
962 860 1075 896 etiam
1090 868 1204 911 atque

99 914 229 959 etiam,
247 913 391 962 judices
406 926 416 948 ι
447 911 543 948 nihil
554 911 655 948 enim
676 918 743 959 est,
757 911 859 961 quod
870 911 910 948 in
922 911 992 950 hac
1007 914 1118 951 causa
1133 914 1206 952 dici

98 967 216 1018 possit
251 964 534 1003 vehementius:
573 964 722 1015 penitus
758 964 986 1016 introspicite
1017 966 1204 1015 Catilinae,

99 1019 295 1065 Autronii,
327 1018 500 1068 Cethegi,
528 1018 697 1063 Lentuli,
729 1025 1023 1070 caeterorumque
1047 1027 1204 1059 mentes.

99 1074 209 1120 Quas
228 1085 292 1110 vos
309 1073 350 1109 in
368 1072 428 1109 his
441 1071 628 1117 libidines,
649 1084 735 1122 quae
753 1071 908 1121 flagitia,
930 1085 1024 1123 quas
1043 1074 1207 1124 turpitu-

100 1127 219 1172 dines,
240 1133 400 1177 quantas
423 1123 611 1171 audaciaS,
643 1137 759 1175 quam
783 1124 1018 1163 incredibiles
1048 1126 1205 1175 furores,

99 1193 194 1231 quas
206 1187 312 1217 notas
324 1179 519 1224 scelerum,
528 1191 615 1228 quae
627 1177 763 1215 indicia
774 1178 1072 1228 parricidiorum,
1087 1193 1209 1230 quan-

99 1241 158 1271 tos
177 1245 324 1271 acervos
342 1232 566 1278 facinorum,
579 1231 767 1282 reperietis
783 1232 792 1268 2
823 1231 888 1270 Ex
906 1233 1054 1283 magnis
1069 1240 1105 1270 et
1123 1233 1210 1270 diu.

100 1287 222 1325 turnis
251 1293 288 1324 et
309 1287 389 1334 jam
408 1286 610 1336 desperatis
635 1284 851 1335 reipublicae
877 1286 1033 1334 morbis,
1061 1286 1133 1324 ista
1151 1299 1208 1324 re-

100 1347 213 1391 pente
224 1339 279 1377 vis
298 1339 434 1389 erupit,
454 1347 512 1385 ut,
526 1339 567 1377 ea
579 1338 746 1377 confecta
761 1346 797 1376 et
809 1339 840 1387 ej
846 1339 940 1386 ecta,
957 1340 1208 1378 convalescere

100 1392 306 1444 aliquando
336 1400 372 1430 et
402 1393 524 1430 sanari
548 1392 676 1431 civitas
700 1399 834 1442 posset.
876 1393 1014 1444 Neque
1033 1393 1135 1431 enim
1154 1401 1209 1431 est

102 1446 320 1498 quisquam,
341 1446 408 1497 qui
427 1446 640 1494 arbitretur,
666 1445 741 1482 inis
766 1445 921 1483 inclusis
946 1446 986 1483 in
1016 1446 1210 1497 republica

101 1501 286 1551 pestibus,
303 1499 444 1537 diutius
462 1499 542 1537 haec
562 1506 657 1537 stare
675 1499 851 1549 potuisse.
882 1500 1018 1550 Itaque
1037 1512 1111 1546 eos,
1131 1512 1209 1538 non

103 1552 152 1590 ad
184 1552 455 1604 perficiendum
481 1553 614 1598 scelus,
639 1552 703 1590 sed
732 1552 780 1589 ad
804 1552 964 1591 luendas
992 1553 1209 1604 reipublicae

101 1619 244 1658 poenas,
265 1606 392 1644 Furiae
411 1606 586 1657 quaedam
605 1606 865 1644 incitaverunt.

157 1659 366 1698 XXVIII.
397 1660 446 1697 In
457 1659 559 1697 hunc
570 1659 686 1710 igitur
696 1671 849 1709 gregem
865 1672 931 1698 vos
945 1672 1048 1698 nunc
1061 1659 1105 1696 P.
1122 1659 1210 1698 Sul-

104 1714 198 1760 lam,
215 1713 374 1762 judices,
395 1725 442 1751 ex
460 1712 534 1761 his,
555 1713 623 1764 qui
641 1725 729 1750 cum
746 1713 818 1750 hoc
832 1713 966 1750 vivunt
980 1720 1094 1765 atque
1107 1713 1213 1750 vixe-

105 1775 209 1813 runt,
228 1766 575 1804 honestissimorum
590 1766 790 1804 hominum
805 1766 997 1816 gregibus,
1012 1765 1212 1816 rejicietis?

106 1832 155 1857 ex
173 1819 243 1857 hoc
261 1819 461 1857 hominum
481 1832 653 1866 numero,
674 1832 721 1857 ex
739 1819 809 1856 hac
823 1819 1001 1856 familiari
1015 1819 1211 1870 dignitate,

105 1873 147 1910 in
166 1871 368 1923 impiorum
389 1880 550 1923 partem,
580 1879 693 1924 atque
718 1873 757 1909 in
779 1872 1051 1923 parricidarum
1074 1880 1214 1911 coetum

108 1938 152 1963 ac
169 1937 387 1973 numerum,
408 1925 663 1964 transferetis?
702 1925 782 1964 Ubi
801 1925 871 1963 erit
889 1926 1004 1976 igitur
1022 1926 1119 1963 illud
1138 1925 1214 1963 for-

108 1979 299 2016 tissimum
311 1979 528 2030 praesidium
543 1979 723 2031 pudoris?
752 1991 829 2030 quo
847 1979 886 2016 in
909 1980 990 2017 loco
1012 1979 1119 2017 nobis
1138 1978 1215 2016 vita

108 2039 196 2070 ante
225 2039 307 2070 acta
329 2032 524 2083 proderit?
553 2032 656 2084 quod
681 2032 728 2070 ad
753 2039 903 2083 tempus
929 2031 1215 2070 existimationis

109 2092 228 2136 partae
239 2085 384 2123 fructus
395 2087 656 2133 reservabitur,
673 2086 703 2123 si
714 2086 752 2123 in
769 2093 937 2123 extremo
949 2085 1163 2123 discrimine
1175 2096 1219 2120 ac

111 2138 351 2229 ddmicatione
375 2139 537 2178 fortunae
564 2139 721 2187 deseret,
741 2139 771 2176 si
800 2150 876 2178 non
907 2139 1038 2187 aderit,
1059 2138 1091 2176 si
1119 2135 1216 2175 nihil

112 2204 133 2229 a
157 2191 339 2240 juvabit?
