1435 2328
219 71 270 108 50
509 71 620 110 PRO
649 71 847 111 SULLA.
877 74 982 113 CAP.
1012 76 1049 113 6.

217 176 267 214 ad
294 177 587 217 inflammandos
616 180 922 220 calamitosorum
950 183 1112 231 animos,
1136 197 1255 236 quam
1283 185 1332 225 ad

219 232 478 280 consolandos,
495 233 812 272 accommodatus.

273 286 347 323 VI.
379 286 538 337 Propter
562 288 661 325 hanc
679 288 797 338 igitur
816 296 962 328 tantam
983 290 1333 332 dissimilitudinem

217 338 418 377 homiuum
439 348 553 391 atque
572 354 788 388 causarum,
804 342 1028 382 dissimilem
1043 358 1106 382 me
1117 345 1158 383 in
1172 354 1335 398 utroque

217 393 375 443 praebui.
405 394 594 433 Veniebat
624 396 727 433 enim
757 396 805 434 ad
837 410 913 443 me,
944 405 981 436 et
1013 411 1114 449 saepe
1145 400 1333 449 veniebat,

216 447 447 495 Autronius,
467 448 600 486 multis
625 463 714 487 cum
732 450 923 501 lacrymis,
945 452 1124 502 supplex,
1151 461 1196 491 ut
1214 467 1252 492 se
1270 455 1336 493 de·

218 499 435 538 fenderem:
467 509 503 539 et
529 515 566 539 se
594 516 726 540 meum
757 504 1063 556 condiscipulum
1085 507 1126 544 in
1155 508 1334 558 pueritia,

216 554 446 592 familiarem
475 556 515 592 in
546 556 811 606 adolescentia,
844 559 1029 610 collegam
1058 560 1099 597 in
1122 563 1332 612 quaestura,

218 611 540 646 commemorabat
568 610 712 648 fuisse:
743 612 867 649 multa
897 625 983 651 mea
1007 614 1048 651 in
1071 627 1124 661 se,
1148 617 1335 655 nonnulla

217 661 332 698 etiam
345 676 413 699 sua
424 662 464 699 in
477 675 553 710 me,
569 664 782 714 proferebat
796 666 927 704 officia.
950 667 1104 714 Quibus
1119 682 1189 719 ego
1203 671 1332 718 rebus,

213 715 372 763 judices,
386 716 440 762 ita
451 716 627 754 flectebar
640 718 783 766 animo,
797 726 912 770 atque
930 720 1146 771 frangebar,
1159 730 1204 760 ut
1218 723 1333 762 etiam

218 781 266 806 ex
295 770 494 815 memoria,
522 784 617 821 quas
643 771 740 809 mihi
764 772 838 823 ipsi
859 773 998 812 fecerat
1026 775 1196 823 insidias,
1217 777 1332 828 depo-

218 834 373 867 nerem;
405 831 448 860 ut
459 824 541 872 jam
560 824 778 863 immissum
798 839 878 864 esse
896 829 944 865 ab
965 840 1008 865 eo
1028 828 1072 867 C.
1093 829 1331 878 Cornelium,

219 876 288 925 qui
300 877 413 914 mein
429 875 622 929 [sedibus]
638 879 746 925 meis,
761 880 801 917 in
814 888 1016 932 conspectu
1027 883 1159 921 uxoris
1175 897 1272 922 meae
1291 899 1334 922 ac

217 929 425 968 liberorum
447 944 636 979 meorum,
662 933 878 982 trucidaret,
905 935 1153 975 obliviscerer.
1184 938 1285 985 Quae
1304 939 1335 976 si

218 982 265 1021 de
294 997 372 1022 uno
390 997 454 1022 me
483 986 707 1035 cogitassem
739 988 835 1038 (qua
856 989 1019 1027 mollitia
1044 1003 1130 1028 sum
1155 992 1274 1029 animi
1293 1005 1336 1030 ac

217 1037 388 1085 lenitate)
403 1051 617 1090 nunquam,
635 1041 864 1089 mehercule,
879 1042 984 1081 illius
1001 1043 1180 1097 lacrymis
1190 1058 1234 1083 ac
1252 1059 1338 1097 pre-

217 1091 324 1129 cibus
353 1092 585 1130 restitissem.
616 1094 704 1141 Sed,
733 1108 822 1133 cum
848 1096 945 1134 mihi
967 1098 1113 1147 patriae,
1139 1112 1228 1137 cum
1251 1113 1337 1138 ves-

217 1151 364 1182 trorum
383 1146 654 1197 periculorum,
677 1161 765 1186 cum
790 1149 907 1198 hujus
926 1150 1044 1196 urbis,
1065 1165 1154 1190 cum
1179 1152 1335 1191 illorum

217 1197 465 1237 delubrorum
484 1207 599 1251 atque
614 1202 860 1252 templorum,
882 1216 970 1241 cum
990 1217 1197 1255 puerorum
1211 1206 1338 1244 infan-

216 1251 329 1297 tium,
365 1265 453 1290 cum
485 1261 748 1293 matronarum
781 1269 823 1293 ac
849 1257 1056 1308 virginum,
1088 1261 1263 1298 veniebat
1294 1261 1335 1298 in

216 1312 384 1343 mentem
399 1320 410 1351 ς
443 1313 480 1344 et
499 1320 587 1345 cum
613 1309 689 1345 illae
707 1309 853 1348 infestae
871 1323 914 1349 ac
932 1311 1094 1350 funestae
1111 1313 1227 1361 faces,
1247 1314 1336 1352 uni-

217 1371 445 1411 versumque
477 1361 592 1399 totius
615 1362 720 1400 urbis
749 1363 982 1412 incendium,
1013 1379 1102 1404 cum
1133 1368 1221 1414 tela,
1246 1381 1336 1406 cum

216 1412 347 1460 caedes,
369 1426 458 1451 cum
482 1414 624 1453 civium
650 1429 773 1464 cruor,
794 1430 884 1455 cum
912 1419 1004 1457 cinis
1021 1421 1168 1471 patriae,
1195 1422 1335 1460 versari

215 1472 304 1503 ante
322 1468 465 1512 oculos,
487 1475 601 1519 atque
620 1469 795 1508 animum
807 1472 992 1511 memoria
1005 1474 1193 1521 refricare,
1213 1488 1335 1527 coepe-

214 1526 301 1564 rat3
331 1527 416 1558 tum
446 1521 611 1574 denique
640 1523 675 1561 ei
706 1525 940 1574 resistebam,
972 1539 1096 1579 neque
1119 1529 1246 1567 solum
1275 1529 1335 1568 illi

214 1572 313 1611 hosti
338 1587 382 1612 ac
409 1576 620 1626 parricidae,
653 1579 720 1616 sed.
741 1579 800 1616 his
823 1580 937 1618 etiam
960 1582 1185 1633 propinquis
1209 1583 1329 1632 illius,

215 1626 426 1676 Marcellis,
447 1630 546 1680 patri
574 1638 611 1668 et
635 1631 728 1680 filio,
750 1645 915 1683 quorum
941 1636 1036 1673 alter
1054 1636 1158 1686 apud
1180 1649 1244 1674 me
1261 1651 1335 1688 pa-

213 1680 330 1718 rentis
360 1683 599 1732 gravitatem,
633 1686 728 1723 alter
753 1686 822 1723 filii
850 1688 1076 1726 suavitatem
1106 1689 1301 1729 obtinebat
1317 1705 1331 1729 ι

214 1745 338 1784 neque
356 1747 419 1773 me
433 1738 641 1776 arbitrabar
660 1740 741 1778 sine
760 1753 912 1780 summo
931 1743 1066 1780 scelere
1084 1756 1206 1794 posse,
1227 1745 1333 1796 quod

213 1788 446 1827 maleficium
464 1790 504 1827 in
523 1792 606 1830 aliis
625 1793 888 1843 vindicassem,
908 1795 1011 1834 idem
1038 1796 1079 1834 in
1096 1796 1254 1837 illorum
1272 1811 1336 1837 so-

215 1840 288 1888 cio,
307 1855 396 1880 cum
416 1844 564 1893 scirem,
585 1846 796 1886 defendere.

268 1894 403 1947 Atque
422 1897 524 1936 idem
540 1912 609 1949 ego
627 1913 752 1952 neque
767 1902 812 1939 P.
830 1902 980 1941 Sullam
995 1904 1206 1956 supplicem
1217 1905 1330 1954 ferre,

216 1959 341 1999 neque
360 1951 511 1989 eosdem
537 1953 756 2003 Marcellos,
783 1969 852 2006 pro
876 1958 994 2006 hujus
1011 1958 1187 2008 periculis
1209 1960 1336 2011 lacry-

217 2009 379 2049 mantes,
400 2005 603 2056 adspicere,
625 2020 748 2059 neque
773 2010 889 2058 hujus
910 2010 971 2048 M.
993 2012 1186 2059 Messalae,
1206 2013 1338 2051 homi-

217 2055 276 2093 nis
305 2059 515 2107 necessarii,
547 2074 673 2111 preces
695 2063 878 2102 sustinere
907 2065 1027 2116 potui.
1058 2066 1199 2117 Neque
1226 2067 1330 2105 enim

218 2116 275 2147 est
292 2122 405 2149 causa
423 2112 618 2153 adversata
635 2124 808 2163 naturae3
837 2130 905 2156 nec
923 2118 1052 2167 homo,
1071 2131 1141 2158 nec
1162 2133 1235 2168 res,
1255 2120 1333 2158 mi-

218 2162 426 2204 sericordiae
449 2179 545 2207 meae
564 2170 800 2220 repugnavit.
832 2172 1038 2224 Nusquam
1064 2185 1218 2221 nomen,
1239 2186 1336 2212 nus-
