1455 2343
211 91 288 127 282
478 87 591 126 PRO
620 87 844 127 SEXTIO.
875 88 981 126 CAP.
1010 89 1073 125 22.

261 196 455 247 Denique,
476 209 563 234 cum
583 197 712 234 onmia
735 209 882 247 semper
907 196 956 234 ad
977 196 1202 247 dignitatem
1222 203 1324 233 retu-

206 251 348 296 lissem,
381 262 449 288 nec
467 250 548 287 sine
568 251 612 288 e⁶a
642 250 855 302 quidquam
875 250 1132 302 expetendum
1152 263 1230 287 esse
1254 249 1323 287 ho-

207 303 304 341 mini
319 304 359 340 in
375 303 453 342 vital
467 303 686 355 putassenn
707 311 884 352 mortem,
899 316 1017 355 quam
1032 303 1147 342 etiam
1160 302 1322 353 virgines

208 357 374 396 Athenis
405 357 533 408 (regis,
564 358 710 409 opinor,
738 358 943 396 Erechthei
965 357 1070 405 filiae)
1097 369 1167 408 pro
1197 356 1321 407 patri&

208 411 450 450 contemsisse
468 411 660 459 dicuntur,
677 425 760 463 ego,
776 412 834 450 vir
845 411 1067 458 consularis,
1084 410 1198 449 tantis
1209 411 1322 448 rebus

206 465 338 515 gestis,
357 465 531 503 timerem
546 468 563 504 Ρ
586 466 796 517 praesertim
809 478 897 504 cum
912 467 994 515 ejus
1007 477 1126 504 essem
1145 463 1321 511 civitatis,

206 531 257 556 ex
276 520 354 570 qu&
373 519 424 567 Q.
446 519 604 558 Mucius
625 520 725 558 solus
743 519 783 557 in
809 527 930 558 castra
950 519 1128 557 Porsenae
1147 517 1321 564 venisset,

208 585 376 624 eumque
404 573 627 619 interficere,
660 572 853 624 proposita
885 572 957 611 sibi
992 581 1128 620 morte,
1167 579 1324 610 conatus

204 634 329 672 esset,
360 639 408 664 ex
427 626 503 677 qua
523 627 569 664 P.
590 626 733 665 Decius
747 627 919 678 primum
939 634 1060 677 pater,
1074 633 1159 678 post
1177 625 1324 676 aliquot

208 692 327 718 annos
360 679 481 731 patria
511 680 650 719 virtute
680 680 862 732 praeditus
891 681 1010 727 filius,
1043 693 1096 725 se,
1132 691 1176 717 ac
1205 679 1325 717 vitani

205 746 333 779 suam,
353 734 536 772 instructa
561 734 654 781 acie,
673 748 743 786 pro
762 736 883 773 salute
907 734 1041 786 populi
1060 732 1230 772 Romani
1246 732 1324 771 vic-

209 786 381 837 toi-saque
399 787 632 834 devovisset;
663 802 711 827 ex
730 788 807 840 quzi
824 787 1120 827 innumerabiles
1139 786 1219 834 alii,
1238 799 1326 837 par-

208 840 279 877 tim
298 840 549 891 adipiscendae¹
566 842 705 889 laudis,
731 843 873 894 partim
893 842 1057 880 vitandae
1077 840 1303 891 turpitudi]
1281 853 1325 878 1s

207 906 339 940 causa,
371 902 533 933 mortem
561 896 602 932 in
628 896 739 934 variis
770 897 894 942 bellis,
920 895 1145 947 aequissimis
1171 894 1325 939 animis,

208 950 466 998 oppetissent:
496 949 536 985 in
563 962 639 999 qua
668 950 816 988 civitate
845 950 925 1001 ipse
954 949 1196 988 111011111115501
1187 961 1227 994 1,
1259 961 1327 998 pa-

208 1010 308 1040 trem
326 1001 444 1062 hujus
464 1002 525 1040 Μ.
539 1003 678 1049 Crassi,
695 1003 945 1045 fortissimum
957 1004 1101 1048 virum,
1117 1014 1165 1040 ne
1185 1001 1327 1039 videret

208 1055 390 1093 victorem
408 1055 623 1104 inimicum,
645 1057 778 1095 eadem
806 1058 878 1095 sibi
895 1070 1014 1101 manu
1034 1057 1152 1095 vitam
1182 1055 1327 1094 exhau-

209 1109 318 1155 sisse,
335 1107 411 1160 qua
425 1118 589 1148 mortem
609 1124 707 1162 saepe
725 1111 898 1149 hostibus
917 1111 1114 1152 obtulisset
1130 1112 1147 1148 :³

264 1163 409 1201 XXII.
441 1164 538 1202 Haec
556 1177 625 1215 ego
645 1172 682 1202 et
700 1165 824 1203 multa
843 1165 917 1203 alia
931 1165 1114 1216 cogitans,
1133 1164 1205 1202 hoc
1224 1163 1328 1201 vide-

209 1219 315 1265 bam,
332 1217 365 1254 si
381 1230 534 1256 causam
553 1219 748 1269 publicam
767 1232 854 1257 mea
878 1231 980 1257 mors
1006 1218 1240 1270 peremisset,
1261 1229 1327 1254 ne-

209 1271 355 1309 minem
374 1284 548 1322 unquam
567 1272 660 1319 fore,
687 1272 755 1323 qui
790 1273 945 1310 auderet
963 1273 1166 1323 suscipere,
1197 1277 1328 1308 contra

209 1325 403 1375 improbos
423 1326 536 1371 cives,
563 1326 780 1377 reipublicae
800 1327 974 1365 salutem.
1006 1327 1144 1376 Itaque
1162 1337 1238 1362 non
1270 1338 1328 1362 su-

210 1377 294 1415 lum
313 1378 346 1415 si
371 1379 409 1415 11
427 1379 654 1427 interissem,
683 1380 748 1418 sed
776 1380 890 1418 etiam
911 1380 942 1417 si
966 1381 1100 1417 morbo
1120 1378 1328 1416 exstinctus

212 1444 348 1478 essem,
370 1432 449 1470 fore
479 1435 678 1484 putabam,
699 1442 742 1471 ut
762 1433 985 1484 exemplum
1003 1431 1221 1483 reipublicae
1239 1444 1330 1469 con-

210 1485 404 1524 servandae
435 1499 589 1525 mecum
619 1487 735 1525 simul
763 1487 942 1524 interiret.
986 1487 1087 1534 Quis
1119 1485 1223 1524 enim
1256 1497 1329 1522 un-

209 1553 342 1589 quam,
366 1553 428 1578 me
448 1554 470 1578 a
489 1550 621 1578 senatu
653 1541 873 1592 populoque
904 1541 1096 1586 Romano,
1117 1546 1224 1577 tanto
1244 1552 1329 1577 0111-

209 1593 320 1630 nium
338 1595 527 1632 bonorum
546 1595 685 1639 studio,
718 1607 795 1632 non
813 1595 1001 1641 restituto,
1024 1593 1145 1645 (quod.
1164 1603 1277 1640 certe,
1298 1593 1330 1630 si

210 1659 329 1684 essem
348 1647 580 1695 interfectus,
602 1648 768 1687 accidere
787 1661 863 1686 non
888 1648 1087 1699 potuisset)
1114 1647 1235 1684 ullam
1256 1646 1329 1684 rei-

209 1701 371 1750 publicae
400 1710 562 1766 partem,
595 1716 683 1740 011111
710 1701 776 1740 sua}
800 1702 964 1740 minimi».
987 1701 1146 1748 invidia,
1171 1700 1328 1738 auderet

209 1754 422 1805 attingere?
453 1758 543 1794 Serv
546 1769 592 1794 av
594 1757 606 1793 i
621 1756 738 1807 igitur
752 1756 1030 1807 rempublicam
1043 1755 1209 1793 discessu
1224 1766 1326 1799 meo,

205 1807 374 1856 judices.
407 1809 548 1847 caedem
572 1824 595 1848 a
622 1810 725 1848 vobis
755 1810 959 1861 liberisque
997 1809 1144 1856 vestris,
1173 1807 1329 1845 vastita-

208 1874 300 1907 10111,
321 1862 508 1910 incendia,
528 1864 693 1914 rapinas,
714 1877 799 1902 meo
819 1864 946 1902 dolore
963 1864 1149 1914 luctuque
1168 1860 1325 1921 depuli.

210 1924 245 1952 et
262 1928 363 1954 unus
386 1917 445 1955 bis
475 1918 752 1967 rempublicam
776 1917 934 1965 servavi,
959 1917 1076 1955 semel
1100 1915 1236 1966 gloria,
1257 1914 1328 1952 ite-

210 1981 295 2006 rum
314 1983 485 2012 aerumna
504 1984 601 2008 mea.
634 1972 772 2022 Neque
786 1972 889 2009 enim
903 1972 943 2008 in
962 1970 1034 2008 hoc
1048 1982 1112 2007 me
1129 1968 1327 2007 hominem

212 2034 287 2061 esse
305 2023 501 2062 inficiabor
519 2037 707 2076 unquam
730 2034 771 2062 ut
786 2038 849 2062 me
869 2025 1014 2076 optimo
1032 2023 1165 2070 fratre,
1181 2021 1328 2060 carissi-

210 2075 280 2115 mis
309 2077 450 2118 liberis
495 2078 714 2118 fidelissima
745 2080 923 2139 conjuge,
955 2086 1079 2116 vestro
1108 2083 1326 2127 conspectu,

209 2131 344 2180 patria,
361 2133 432 2170 hoc
444 2119 599 2170 lionoris
614 2133 748 2183 gradu,
764 2133 842 2171 sine
857 2133 986 2171 dolore
999 2130 1162 2170 ‹zu-uisse
1175 2129 1325 2180 glorier.

209 2182 322 2231 Quod
342 2186 372 2225 si
391 2186 586 2226 fecissem
577 2215 587 2233 ,
621 2186 724 2238 (111οά
744 2200 765 2226 a
792 2199 854 2226 mc
874 2185 1101 2227 beneficium
1121 2182 1321 2223 haberetis
