1425 2334
240 102 318 144 DE
337 104 578 146 HARUSP.
598 102 864 146 RESPONS.
883 101 988 143 Car.
1008 102 1071 140 25.
1145 101 1220 140 211

124 207 232 247 illam
260 218 482 250 venenatam
510 225 554 252 ac
580 211 796 264 pestiferam
824 210 961 249 habere
983 209 1218 260 potuerunt?

123 273 201 312 quo
218 263 370 302 tandem
395 264 538 317 decepti
562 277 717 304 munere
730 267 748 304 ?
776 265 891 309 Volo,
913 261 1105 313 inquiunt,
1125 273 1216 309 esse,

122 314 190 364 qui
207 314 248 353 in
266 318 440 356 concione
457 319 629 357 detrahat
649 319 696 357 de
722 316 915 368 Pompei0.
943 314 1130 353 Detrahat
1153 313 1218 352 ille

120 366 394 419 vituperando?
423 371 552 410 Velim
570 372 622 411 sic
638 372 710 410 hoc
727 372 784 410 vir
801 382 973 409 summus
990 376 1103 418 atque
1120 366 1218 418 opti-

120 431 184 459 me
201 421 248 460 de
264 423 351 462 me&
363 424 485 463 salute
502 425 658 464 meritus
675 425 845 476 accipiat,
865 430 909 461 ut
926 435 948 460 a
972 434 1034 458 me
1052 419 1189 458 dieitur
1201 434 1213 457 z

119 472 243 512 dicam
272 476 426 527 quidem
461 485 571 525 certe,
608 478 711 530 quod
741 477 870 516 sentio.
910 474 1014 514 Mihi
1051 473 1215 517 (medius

119 525 248 576 fidins)
268 535 352 568 tum
370 530 417 568 de
433 530 535 570 illius
560 531 794 583 amplissima
807 529 988 580 dignitate
1006 526 1212 573 detrahere,

116 591 206 618 cum
224 583 401 621 maximis
418 584 594 623 laudibus
612 585 800 630 efferebat,
819 583 1025 622 videbatur.

170 634 312 672 Utrum
331 636 483 676 tandem
509 638 554 676 C.
575 638 725 676 Marius
746 636 988 689 splendidior,
1016 645 1104 671 cum
1122 644 1210 670 eum

116 685 161 724 C.
183 687 343 726 Glaucia
360 690 551 738 laudabat,
581 703 630 728 an
649 703 736 729 cum
755 689 930 729 eumdem
948 688 1064 725 iratus
1082 692 1211 737 postea

115 739 353 792 vituperabat
368 745 385 781 ?
412 743 481 782 An
499 744 563 782 ille
581 744 748 790 demens,
769 755 806 781 et
819 741 1047 794 jampridem
1065 739 1114 776 ad
1131 751 1210 789 poe-

118 803 208 830 nam
224 795 458 847 exitiumque
471 810 649 848 praeceps,
665 797 795 835 foedior
805 803 918 847 atque
930 792 1159 845 inquinatior
1169 791 1210 828 in

114 845 186 884 Cn.
213 847 397 899 Pompeio
427 851 648 897 accusando,
675 863 791 901 quam
819 850 859 887 in
883 848 1055 886 universo
1080 851 1211 883 senatu

113 898 359 950 vituperando
377 902 450 940 fuit
463 905 481 941 ?
509 904 611 954 quod
625 903 779 956 quidem
797 902 924 948 miror,
941 913 1028 939 cum
1047 899 1208 937 alterum

109 960 261 1002 gratum
281 954 330 992 sit
345 954 462 1002 iratis,
481 957 642 994 alterum
661 969 738 995 esse
756 964 835 994 tam
854 955 960 994 bonis
978 952 1121 992 civibus
1131 961 1208 988 non

110 1008 300 1044 acerbum.
329 1008 418 1056 Sed,
437 1021 485 1047 ne
512 1009 551 1047 id
570 1010 666 1048 viros
691 1010 852 1061 optimos
875 1008 1017 1046 diutius
1034 1005 1205 1050 delectet,

107 1057 238 1109 legant
255 1059 352 1099 hanc
371 1062 452 1111 ejus
470 1062 700 1111 concionem,
722 1063 770 1101 de
787 1062 865 1114 qua
881 1061 1039 1112 loquor:
1068 1059 1108 1096 in
1127 1056 1206 1108 qua

109 1111 339 1164 Pompeium
357 1122 479 1162 ornat,
492 1129 539 1154 an
551 1116 676 1167 potius
687 1116 871 1155 deformat
884 1117 902 1154 ?
931 1114 1041 1153 Certe
1058 1111 1203 1169 laudat,

106 1171 145 1202 et
161 1177 283 1204 unum
302 1179 379 1206 esse
396 1167 436 1206 in
461 1168 532 1208 hac
555 1169 703 1208 civitate
726 1169 886 1220 dignum
911 1167 1026 1216 hujus
1054 1163 1205 1216 impetn

104 1217 225 1268 gloria
244 1219 357 1258 dicit:
387 1229 424 1258 et
455 1222 652 1272 significat,
676 1236 714 1261 se
735 1222 792 1261 illi
812 1220 1082 1267 amicissimum
1110 1229 1202 1266 esse,

106 1278 144 1309 et
161 1273 497 1312 reconciliationem
516 1288 594 1314 esse
610 1276 740 1327 gratiae
757 1276 907 1326 factam,

158 1324 288 1374 Quod,
309 1339 378 1378 ego
403 1341 653 1380 quamquam,
685 1329 779 1381 quid
806 1328 867 1376 sit,
897 1327 1044 1372 nescim
1074 1332 1201 1363 tamen

104 1377 176 1416 hoc
192 1385 329 1428 statuo,
355 1380 471 1429 hunc,
497 1382 529 1420 si
552 1383 704 1421 amicus
723 1389 818 1424 esset
842 1381 1039 1432 Pompeio,
1068 1377 1202 1416 lauda-

103 1436 235 1470 turum
251 1432 364 1471 illum
380 1445 456 1472 non
475 1435 600 1474 fuisse.
629 1435 737 1484 Quid
761 1435 876 1482 enim,
897 1434 928 1474 si
945 1433 1002 1471 illi
1020 1430 1201 1470 inimicis-

102 1482 221 1523 simus
253 1493 360 1534 esset,
392 1488 558 1539 amplius
586 1488 635 1527 ad
661 1490 743 1539 ejus
769 1488 922 1528 laudem
951 1484 1198 1524 minuendam

102 1536 222 1576 facere
238 1539 420 1590 potuisset
432 1544 450 1580 ἓ
479 1541 647 1594 Videant
663 1542 704 1591 ii,
724 1542 791 1594 qui
803 1542 915 1580 illum
931 1540 1002 1579 Cn.
1016 1537 1200 1588 Pompeio

101 1589 299 1631 inimicum
317 1605 395 1632 esse
411 1594 640 1645 gaudebant,
660 1597 709 1634 ob
737 1607 898 1646 eamque
915 1605 1066 1632 causam
1083 1590 1124 1628 in
1143 1596 1197 1628 tot

100 1643 289 1695 tantisque
318 1647 517 1687 sceleribus
552 1648 813 1697 connivebam,
850 1655 888 1686 et
921 1655 1197 1695 nonnunquam

100 1696 182 1745 ejus
204 1697 406 1739 indomitos
423 1708 537 1752 atque
554 1701 750 1740 effrenatos
766 1701 910 1739 furores
927 1699 1063 1752 plausu
1081 1697 1195 1735 etiam

100 1762 170 1787 su0
193 1754 527 1802 prosequebantur,
547 1767 665 1806 quam
693 1767 733 1793 se
750 1755 823 1793 cito
846 1752 1047 1791 inverterit.
1077 1751 1117 1788 N
1120 1761 1195 1788 unc

100 1802 203 1841 enim
217 1803 300 1852 jam
316 1805 448 1846 laudat
463 1807 575 1845 inum
591 1821 602 1853 ;
632 1807 672 1845 in
691 1820 753 1846 eos
775 1807 978 1853 invehitur,
998 1804 1137 1856 quibus
1155 1815 1195 1842 se

99 1862 211 1894 antea
228 1856 455 1897 yenditabat.
483 1859 590 1908 Quid
608 1860 843 1909 existimatis,
863 1873 966 1907 eum,
993 1858 1025 1896 si
1053 1857 1195 1895 reditus

97 1907 133 1946 ei
157 1909 287 1959 gratim
311 1912 486 1961 patuerit,
512 1926 590 1952 esse
612 1913 816 1962 facturum,
845 1913 912 1966 qui
931 1921 1010 1951 tam
1036 1910 1196 1950 libenter

98 1960 139 1999 in
157 1961 373 2012 opinionem
387 1965 516 2015 gratiae
532 1966 671 2018 irrepat
682 1966 700 2003 :³

150 2014 286 2054 XXV.
315 2015 423 2064 Quas
451 2031 521 2070 ego
552 2020 644 2058 alias
674 2020 915 2071 optimatium
944 2016 1145 2057 discordias
1171 2029 1195 2055 a

102 2066 184 2106 Dus
202 2070 478 2110 immortalibus
490 2072 637 2110 definiri
654 2075 818 2124 putem?
846 2085 936 2111 nam
950 2072 1021 2111 hoc
1039 2069 1195 2122 quidem

97 2122 212 2160 verbo
229 2133 352 2173 neque
370 2124 416 2162 P.
437 2125 611 2174 Clodius,
637 2138 760 2177 neque
778 2126 980 2177 quisquam
998 2125 1045 2162 de
1063 2136 1195 2175 grega-

96 2173 196 2214 libus
222 2174 318 2226 ejus,
350 2185 416 2216 aut
447 2177 494 2217 de
523 2178 755 2230 consiliariis,
782 2179 1009 2231 designatur.
1039 2177 1195 2220 Habent
