1389 2339
344 71 457 110 PRO
485 71 690 111 COELIO.
719 72 824 111 CAP.
850 73 910 110 16.
1102 75 1182 114 359

84 175 188 213 tavit.
208 175 313 214 Eum
332 184 464 227 putato
477 185 600 215 tecum
615 177 743 229 loqui:
766 180 794 201 ‘⁴
809 178 915 226 Quid
927 178 1183 227 tumultuaris,

84 231 217 267 soror?
253 229 345 280 quid
369 231 536 268 insanis?
573 231 679 282 quid,
709 232 871 269 clamore
894 244 1036 279 exorsa,
1064 233 1185 271 verbis

85 294 241 332 parvam
266 295 344 320 rem
367 295 545 333 magnam
568 284 656 321 facis
671 286 688 321 ,⁹
726 284 907 322 Vicinum
930 285 1184 323 adolescentu-

86 334 169 372 lum
188 334 412 386 adspexisti:
444 337 581 374 candor
604 337 719 386 hujus
745 345 794 382 te,
815 344 851 374 et
869 338 1081 388 proceritas,
1102 339 1186 376 vul-

85 394 160 434 tus,
188 388 375 439 oculique,
404 391 653 440 pepulerunt:
694 391 829 441 saepius
857 391 979 428 videre
1008 392 1156 429 voluisti
1170 406 1182 429 τ

82 439 188 478 fuisti
206 453 480 493 nonnunquam
498 443 537 480 in
556 443 688 481 iisdem
706 443 823 481 hortis
844 443 923 480 visa
941 444 1074 481 nobilis
1093 458 1183 481 mu-

83 493 175 530 lier:
196 494 307 532 illum
326 495 642 544 filium-familias,
658 503 763 547 patre
781 509 892 547 parco
911 509 953 534 ac
971 497 1103 544 tenaci,
1120 497 1188 535 ha-

86 547 173 584 bere
192 547 266 585 tuis
291 549 405 599 copiis
430 549 644 587 devinctum
663 562 738 587 non
757 557 884 600 potes:
921 550 1100 597 calcitrat,
1127 563 1185 588 re-

85 599 200 650 spuit,
220 612 295 638 non
315 609 424 651 putat
441 609 507 639 tua
531 602 629 639 dona
647 616 726 640 esse
743 603 847 640 tanti.
879 602 1017 640 Confer
1035 610 1071 640 te
1085 603 1182 641 alio:

87 651 205 690 habes
220 653 345 692 hortos
363 655 411 692 ad
430 654 600 693 Tiberim
615 669 627 700 ς
657 669 700 693 ac
717 656 914 706 diligenter
933 668 976 693 eo
993 656 1073 693 loco
1092 669 1188 706 prae-

85 706 240 755 parasti,
274 720 350 758 quo
377 708 499 745 omnis
531 709 710 757 juventus
737 708 891 746 natandi
919 709 1030 746 causa
1058 709 1183 747 venit:

83 758 172 797 hinc
190 760 276 798 licet
294 760 521 799 conditiones
541 761 706 812 quotidie
723 762 837 813 legas.
867 761 946 799 Cur
957 761 1058 809 huic,
1071 762 1139 812 qui
1151 770 1188 800 te

83 814 237 863 spernit,
258 814 415 851 molesta
430 827 470 851 es
484 815 529 852 ?''

92 884 95 888 Δ
136 865 254 904 XVI.
284 867 413 904 Redeo
432 879 532 905 nunc
550 867 598 905 ad
617 874 666 915 te,
687 867 794 914 Coeli,
811 867 971 905 vicissim
989 881 1000 912 ς
1031 880 1073 905 ac
1090 868 1187 905 mihi

84 919 342 957 auctoritatem
369 920 528 970 patriam
562 921 869 971 severitatemque
899 921 1083 971 suscipio:
1123 921 1186 958 sed

85 972 231 1019 dubito,
252 985 367 1023 quem
392 980 536 1023 patrem
561 974 800 1024 potissimum
823 986 984 1010 sumam.
1015 974 1186 1011 CaeciJia-

86 1037 229 1063 numne
247 1026 426 1076 aliquem,
443 1027 700 1064 vehementem
712 1034 824 1078 atque
838 1026 1006 1064 durum?
1028 1029 1055 1049 ‘⁶
1069 1027 1108 1064 N
1112 1039 1187 1065 unc

87 1079 187 1116 enim
214 1079 369 1116 demum
396 1079 492 1116 mihi
519 1080 668 1117 animus
691 1079 818 1124 ardet3
848 1091 949 1117 nunc
971 1092 1100 1116 meum
1126 1092 1189 1117 cor

87 1132 302 1169 cumulatur
316 1132 371 1169 ire
385 1132 426 1177 ;”
449 1140 515 1170 aut
526 1133 650 1181 illum,
673 1136 700 1155 ‘⁶
713 1132 751 1170 O
766 1132 923 1170 infelix!
946 1144 968 1169 o
980 1132 1130 1170 sceleste
1144 1132 1185 1169 !''

84 1211 95 1221 .
112 1211 122 1220 .
138 1212 148 1222 .
162 1212 172 1221 .
186 1185 312 1222 Ferrei
330 1192 418 1222 sunt
435 1185 496 1223 isti
510 1194 632 1236 patres
648 1213 657 1223 .
672 1213 682 1222 .
697 1213 706 1222 .
721 1188 763 1222 .“
775 1185 910 1235 Egone
924 1185 1016 1236 quid
1027 1185 1150 1222 dicam
1164 1187 1182 1223 Ρ

89 1250 206 1288 egone
225 1237 317 1288 quid
336 1238 479 1276 velim?
509 1252 594 1289 quae
616 1246 656 1276 tu
677 1239 817 1285 omnia,
847 1238 921 1275 tuis
946 1238 1052 1275 foedis
1076 1237 1184 1276 factis

85 1290 190 1337 facis,
211 1298 254 1327 ut
271 1291 526 1342 nequidquam
547 1292 696 1329 velim.'’
725 1292 804 1329 Vix
815 1291 968 1328 ferenda
981 1290 1118 1328 diceret
1131 1298 1187 1328 ta·

84 1343 132 1381 lis
149 1351 277 1394 pater:
309 1347 337 1366 “
358 1344 437 1382 Cur
455 1351 491 1381 te
509 1344 548 1381 in
565 1345 676 1382 istam
691 1344 919 1382 vicinitatem
937 1343 1187 1381 meretriciam

85 1397 306 1435 contulisti?
325 1410 406 1443 cur,
418 1397 598 1435 iflecebris
616 1397 787 1448 cognitis,
807 1408 882 1434 non
901 1396 1100 1446 refugisti?
1122 1409 1188 1433 cur

85 1450 247 1487 alienam
266 1450 386 1487 ullam
404 1450 600 1487 mulierem
615 1450 713 1487 nosti
723 1450 741 1486 ’ἓ
769 1449 870 1486 Dide
885 1462 927 1486 ac
941 1448 1070 1486 dissice
1086 1462 1098 1493 3
1119 1461 1186 1499 per

86 1514 150 1540 me
167 1503 303 1540 licebit.
333 1503 373 1540 Si
392 1502 531 1553 egebis,
561 1503 629 1541 tibi
647 1503 810 1540 dolebit:
840 1501 936 1538 mihi
954 1508 1011 1539 sat
1029 1508 1096 1550 est,
1117 1502 1186 1552 qui

84 1555 202 1593 aetatis
221 1556 322 1606 quod
341 1556 530 1606 reliquum
549 1563 615 1601 est,
636 1557 832 1601 oblectem,
848 1555 984 1592 meae.’'

142 1609 246 1646 Huic
265 1608 359 1646 tristi
373 1621 416 1646 ac
432 1607 608 1660 [directo]
625 1609 703 1646 seni
725 1607 962 1658 responderet
977 1606 1130 1653 Caelius,
1150 1619 1189 1644 se

86 1662 195 1700 null&
221 1661 423 1712 cupiditate
449 1661 646 1700 inductum
673 1661 720 1699 de
744 1661 806 1698 via
832 1660 1038 1698 decessisse.
1078 1659 1184 1706 Quid

87 1715 211 1765 signi?
240 1714 353 1752 Nulli
367 1722 528 1760 sumtus,
544 1715 651 1752 nulla
660 1713 928 1763 jactura,nu11a
939 1725 1100 1751 versura.
1127 1713 1188 1750 At

88 1768 162 1806 fuit
172 1767 285 1805 fama.
300 1766 735 1818 Quotusquisque-istam
748 1767 912 1817 effugere
922 1773 1044 1816 potest
1056 1765 1095 1801 in
1110 1772 1192 1802 tam

88 1820 274 1859 maledica
303 1820 450 1858 civitate
466 1823 483 1858 ἵ
526 1821 707 1859 Vicinum
737 1821 818 1869 ejus
845 1819 1014 1856 mulieris
1041 1817 1191 1856 miraris

90 1874 190 1912 male
202 1873 364 1921 audisse,
386 1874 492 1922 cujus
503 1873 617 1911 frater
628 1885 828 1924 germanus
840 1884 1032 1909 sermones
1044 1870 1196 1921 iniquo-

90 1940 176 1965 rum
190 1926 354 1976 effugere
369 1938 442 1964 non
454 1927 608 1977 potuit?
637 1926 735 1964 Leni
747 1938 833 1963 vero
846 1932 885 1962 et
897 1923 1071 1962 clementi
1082 1923 1194 1973 patri,

89 1979 303 2028 cujusmodi
314 1979 378 2017 ille
389 1986 456 2026 est,
477 1982 505 2002 “
516 1979 630 2017 Fores
645 1979 790 2028 effregit
804 1981 821 2016 ?
852 1977 1116 2014 restituentur:
1138 1975 1197 2012 di-

85 2032 199 2071 scidit
217 2032 381 2070 vestem?
401 2033 660 2081 resarcietur,”
679 2031 787 2070 Coelii
807 2042 916 2068 causa
935 2036 1029 2067 esset
1047 2028 1199 2079 expedi-

85 2086 242 2123 tissima.
271 2084 379 2132 Quid
397 2085 498 2123 enim
518 2093 630 2134 esset,
646 2085 685 2123 in
700 2096 777 2136 quo
789 2096 827 2121 se
846 2095 920 2121 non
941 2082 1049 2121 facile
1066 2081 1198 2140 defen-3

88 2139 192 2176 deret
207 2140 226 2177 ἲ
263 2138 375 2177 Nihil
393 2138 475 2188 jam
497 2139 536 2177 in
567 2139 680 2178 istam
701 2136 901 2176 mulierem
926 2135 1033 2175 dico:
1064 2133 1144 2183 sed,
1169 2145 1200 2172 ει
