1455 2343
196 103 270 141 162
412 99 525 139 PRO
557 99 728 139 DOMO
756 100 878 140 SUA.
913 101 1017 139 CAP.
1037 100 1103 138 35.

191 222 257 248 nes
273 207 424 260 impios,
444 221 492 246 ex
510 216 633 246 vetere
651 208 719 246 ina
735 209 991 257 conjuratione
1009 208 1181 246 inustum
1199 207 1304 246 nefa·

196 263 261 301 riis
278 262 483 311 mentibus,
500 263 687 300 bonorum
705 261 837 299 odium
854 261 1052 299 retinebat.

247 316 328 354 Hic
342 323 384 354 tu
398 328 461 353 me
481 315 594 353 etiam
606 315 757 365 gloriari
772 322 896 353 vetas:
918 327 1033 365 negas
1048 327 1125 353 esse
1137 313 1305 364 ferenda,

198 383 284 421 quae
302 369 443 407 soleam
462 369 510 407 de
528 381 592 406 me
609 368 834 419 praedicare:
865 375 915 416 et,
935 368 1051 406 homo
1069 367 1224 417 facetus,
1247 368 1308 406 in-

197 423 304 461 ducis
328 423 442 460 etiam
465 434 675 460 sermonem
696 424 887 460 urbanum
910 434 953 460 ac
979 428 1207 460 venustum:
1245 434 1309 460 me

199 477 320 515 dicere
339 476 470 524 solere,
487 489 565 514 esse
582 488 645 513 me
656 476 685 513 J
687 488 821 521 ovem3
852 474 1105 526 eumdemque
1123 474 1306 523 dictitare,

200 530 419 569 Minervam
451 542 530 567 esse
555 541 719 567 sororem
751 541 889 566 meam.
923 529 965 567 N
967 541 1016 567 on
1041 535 1122 566 tam
1146 528 1309 566 insolens

199 596 301 631 sum,
328 582 432 633 quod
460 583 490 620 J
492 595 600 620 ovem
629 595 707 620 esse
727 595 791 620 me
815 582 911 630 dico,
941 595 1059 633 quam
1083 581 1308 629 ineruditus,

198 637 302 689 quod
319 636 537 674 Minervam
557 647 721 673 sororem
733 636 761 673 J
763 648 841 673 ovis
861 648 937 674 esse
952 636 1139 673 existimo.
1168 635 1242 673 Sed
1254 643 1311 674 ta·-

200 703 304 738 men,
326 702 395 740 ego
422 690 519 727 mihi
537 702 699 727 sororem
721 688 908 750 virginem
931 688 1118 727 adscisco·
1149 696 1191 726 tu
1210 701 1311 727 soro-

200 757 284 782 rem
302 750 410 781 tuam
429 742 615 794 virginem
635 755 712 780 esse
730 754 808 780 non
827 742 956 781 sivisti.
986 742 1061 780 Sed
1079 742 1177 789 vide,
1202 755 1250 780 ne
1268 749 1310 780 tu

202 806 240 835 te
262 797 398 835 debeas
417 796 446 834 J
448 809 558 835 ovem
576 796 711 843 dicere,
732 796 835 847 quod
852 803 895 834 tu
911 798 997 846 jure
1015 795 1188 834 eamdem
1210 808 1311 834 soro-

205 864 286 889 rem
305 858 341 888 et
360 862 520 888 uxorem
539 850 730 901 appellare
747 850 877 901 possis.

255 903 435 942 XXXV.
464 904 533 951 Et,
560 903 742 954 quonjam
760 904 830 941 hoc
855 902 1109 954 reprehendis,
1132 903 1235 955 quod
1253 916 1312 942 so-

203 957 280 996 lere
305 969 368 995 me
386 956 487 995 dicas
509 932 556 995 (16
573 970 636 995 1116
654 957 737 1008 ipso
755 957 951 1008 gloriosius
969 958 1197 1008 praedicare3
1227 957 1313 1008 quis

203 1023 376 1063 unquam
395 1011 553 1058 audivit,
575 1023 663 1049 cum
682 1023 751 1061 ego
769 1011 816 1049 de
833 1024 909 1059 me,
929 1011 1002 1049 nisi
1020 1019 1168 1049 coactus
1187 1024 1230 1049 ac
1247 1023 1313 1049 ne-

203 1065 375 1113 cessario,
395 1065 557 1103 dicerem
573 1067 590 1102 Ρ
620 1065 726 1102 Nam
752 1064 797 1113 si,
818 1077 906 1102 cum
923 1064 1021 1102 mihi
1037 1064 1153 1110 furta,
1168 1064 1313 1115 largiti-

202 1132 308 1166 ones,
318 1119 508 1166 libidines,
522 1118 766 1167 objiciuntur,
780 1131 848 1168 ego
859 1118 1083 1178 respondere
1094 1118 1207 1166 soleo,
1220 1117 1314 1156 meis

205 1172 381 1221 6011511115,
402 1171 592 1223 periculis,
615 1171 821 1217 laboribus,
841 1171 1003 1222 patriam
1025 1184 1103 1209 esse
1121 1183 1315 1209 conserva-

204 1232 311 1271 tam3
341 1237 418 1264 non
429 1233 508 1263 tam
521 1237 606 1262 sum
619 1225 891 1262 existimandus
911 1225 957 1262 de
975 1225 1087 1275 gestis
1106 1227 1219 1263 rebus
1232 1225 1314 1274 glo-

203 1279 305 1325 riari,
335 1292 453 1329 quam
480 1279 526 1316 de
551 1278 705 1327 objectis
727 1290 804 1315 non
834 1278 1011 1316 confiteri.
1051 1277 1126 1316 Sed
1148 1278 1179 1316 si
1203 1278 1313 1325 mihi,

205 1340 292 1370 ante
302 1332 383 1371 haec
394 1332 596 1370 durissima
609 1332 825 1392 reipublicae
836 1340 1020 1382 tempora,
1033 1331 1130 1369 nihil
1143 1344 1315 1382 unquam

205 1385 312 1424 aliud
322 1387 382 1435 obj
388 1394 514 1424 ectum
527 1391 594 1433 est,
607 1385 680 1422 nisi
695 1385 892 1422 crudelitas
903 1385 1006 1422 illius
1021 1385 1213 1436 temporis,
1227 1398 1315 1423 cum

205 1453 229 1477 a
246 1438 369 1490 patria
382 1438 585 1490 perniciem
605 1438 759 1489 depuli3
785 1438 906 1489 quid?
934 1451 997 1476 me
1009 1438 1099 1476 huic
1116 1439 1317 1477 maledicto

204 1501 337 1531 utrum
350 1505 427 1530 non
438 1492 674 1543 respondere,
685 1504 735 1529 an
747 1491 906 1530 demisse
916 1492 1153 1543 respondere,
1162 1492 1288 1530 decuit
1297 1495 1315 1530 ?

206 1546 293 1596 Ego
311 1559 398 1585 vero
423 1546 537 1583 etiam
562 1546 778 1596 reipublicae
801 1558 947 1597 semper
968 1546 1145 1584 interesse
1169 1545 1315 1596 putavi,

206 1613 269 1637 me
286 1599 388 1638 illius
406 1599 653 1651 pulcherrimi
669 1599 772 1647 facti,
793 1600 896 1651 quod
909 1612 957 1637 ex
975 1600 1194 1638 auctoritate
1211 1612 1318 1637 sena-

207 1656 281 1701 tus,
303 1666 485 1692 consensu
510 1655 698 1691 bonorum
723 1654 910 1700 omnium,
930 1666 999 1704 pro
1027 1653 1147 1691 salute
1170 1653 1317 1704 patriae,

208 1706 419 1758 gessissem,
433 1706 670 1757 splendorem
684 1707 806 1745 verbis
818 1706 1118 1757 dignitatemque
1135 1706 1315 1744 retinere·
1303 1735 1316 1752 ‚

208 1760 416 1811 praesertim
436 1773 524 1798 cum
544 1760 642 1797 mihi
660 1761 728 1798 uni
752 1761 793 1797 in
818 1760 889 1798 hac
913 1760 1121 1811 republica,
1141 1760 1318 1798 audiente

207 1815 349 1865 populo
368 1815 558 1861 Romano,
575 1826 689 1864 opera
700 1827 787 1852 mea
804 1814 902 1852 hanc
912 1816 1047 1852 urbem
1062 1821 1099 1852 et
1108 1815 1208 1852 hanc
1217 1825 1317 1852 rem-

209 1868 402 1919 publicam
422 1880 499 1908 esse
518 1867 676 1914 salvam,
689 1868 815 1916 jurato
833 1868 954 1905 dicere
972 1868 1028 1906 fas
1046 1866 1191 1905 fuisset.

261 1921 506 1959 Exstinctum
527 1928 580 1958 est
596 1922 677 1970 jam
695 1921 793 1958 illud
811 1921 1055 1959 maledictum
1074 1920 1317 1967 crudelitatis,

209 1975 314 2025 quod
333 1988 410 2023 me,
423 1987 500 2012 non
519 1983 563 2012 ut
581 1974 771 2012 crudelem
786 1982 1007 2025 tyrannum,
1023 1975 1088 2013 sed
1105 1981 1150 2012 ut
1166 1973 1318 2012 mitissi-

208 2041 318 2066 mum
329 2035 539 2080 parentem,
560 2028 732 2065 omnium
745 2028 884 2066 civium
903 2028 1035 2066 studiis
1053 2027 1318 2073 desideratum,

210 2082 427 2132 repetitum,
458 2082 675 2120 arcessitum
700 2082 839 2120 vident.
886 2082 1009 2120 Aliud
1036 2088 1210 2121 exortum
1235 2087 1289 2119 est
1305 2097 1319 2118 ι

213 2135 388 2184 objicitur
397 2135 493 2173 mihi
508 2148 615 2173 meus
634 2135 697 2173 ille
710 2136 892 2174 discessus
907 2151 916 2174 ε
943 2135 1004 2174 6111
1018 2149 1087 2187 ego
1099 2135 1246 2173 crimini
1260 2147 1318 2173 re-

211 2189 407 2240 spondere,
420 2189 500 2229 sine
512 2189 597 2232 mea
609 2189 779 2230 maxima
790 2189 915 2241 laude,
929 2201 1004 2230 non
1017 2202 1183 2242 possum.
1213 2187 1320 2235 Quid
