1425 2334
335 75 450 115 PRO
477 75 648 115 DOMO
676 75 796 114 SUA.
825 75 929 114 CAP.
958 76 995 112 4.
1140 74 1214 112 129

118 192 240 232 neque
259 181 360 228 veni,
383 188 418 219 et
447 181 560 219 domo
586 193 648 219 me
665 181 783 227 tenui,
814 180 996 232 quamdiu
1016 179 1214 218 turbulen-

118 241 201 270 tum
230 241 378 286 tempus
406 234 503 279 fuit3
534 246 621 272 curn
640 247 762 272 servos
783 241 867 272 tuos
892 233 940 271 ad
958 234 1144 284 rapinam,
1164 232 1213 270 ad

117 287 301 325 bonorum
325 287 479 334 caedem,
502 295 665 338 paratos,
688 300 776 325 cum
805 287 872 324 illa
901 287 968 323 tua
987 286 1214 324 conscelera-

117 345 241 377 torum
260 353 303 379 ac
319 340 551 392 perditorum
569 353 700 385 manu,
721 348 897 387 armatos,
922 339 960 376 in
981 339 1215 389 Capitolium

118 398 243 430 tecum
262 394 405 432 venisse
427 395 627 431 constabat.
658 393 774 440 Quod
801 406 888 430 cum
911 392 1007 429 mihi
1025 392 1217 429 nuntiare-

118 451 194 492 tur,
215 446 288 484 scio
307 459 369 485 me
393 447 497 485 domi
523 447 716 493 mansisse,
744 454 780 484 et
799 446 868 483 tibi
895 452 930 482 et
949 444 1218 495 gladiatoribus

118 498 194 535 tuis
211 499 463 538 instaurandae
481 500 590 538 caedis
609 507 829 550 potestatem
842 511 917 536 non
936 498 1076 535 fecisse.
1109 498 1218 534 Post-

120 563 280 602 eaquam
309 553 405 590 mihi
429 553 646 590 nuntiatum
682 561 749 599 est,
782 552 967 603 populum
995 552 1217 590 Romanum

119 603 159 640 in
189 604 434 656 Capitolium,
468 613 619 657 propter
647 614 793 643 metum
824 615 936 656 atque
968 604 1136 654 inopiam
1165 602 1220 640 rei

118 656 385 706 frumentariae,
412 660 652 703 convenisse;
682 659 870 696 ministros
890 665 1015 695 autem
1036 657 1220 695 scelerum

120 716 273 749 tuorum
304 713 531 762 perterritos,
558 712 695 763 partim
728 712 872 749 amissis
903 710 1050 761 gladiis,
1080 709 1220 760 partim

118 764 266 814 ereptis,
289 765 503 815 diffugisse;
534 766 632 811 veni,
653 778 727 802 non
748 766 870 802 solum
889 764 968 801 sine
997 762 1083 800 ullis
1102 761 1220 813 copiis

120 829 163 853 ac
180 829 311 865 manu,
332 831 463 856 verum
483 819 594 856 etiam
614 831 698 855 cum
719 818 848 868 paucis
867 816 1006 854 amicis.

171 870 238 907 An
259 883 342 921 ego,
370 884 456 908 cum
483 872 528 908 P.
550 872 737 909 Lentulus
763 871 906 917 consul,
928 869 1070 920 optime
1092 869 1138 906 de
1156 880 1221 906 me

120 934 162 959 ac
179 922 226 960 de
244 924 435 974 republica
453 924 623 970 meritus,
644 937 731 961 cum
750 924 800 971 Q.
818 923 1013 969 Metellus,
1029 922 1109 972 qui,
1131 933 1219 959 cum

117 987 226 1013 meus
244 977 419 1015 inimicus
441 987 548 1023 esset,
577 977 690 1014 frater
715 986 816 1024 tuus,
837 984 873 1013 et
898 975 1116 1013 dissensioni
1134 986 1221 1012 nos-

119 1035 199 1076 trae,
229 1036 266 1067 et
293 1030 465 1081 precibus
491 1031 578 1077 tuis,
606 1030 765 1068 salutem
785 1042 828 1067 ac
846 1029 1068 1079 dignitatem
1093 1039 1221 1065 meam

119 1082 355 1131 praetulisset,
381 1095 443 1120 me
466 1091 688 1120 arcesserent
710 1083 749 1120 in
769 1090 966 1126 senatum3
997 1093 1085 1120 cum
1114 1087 1221 1118 tanta

119 1134 324 1174 multitudo
349 1136 502 1181 civium,
523 1144 601 1174 tam
623 1136 763 1174 recenti
787 1135 966 1173 beneficio
991 1147 1072 1182 suo,
1092 1146 1154 1171 me
1172 1132 1222 1170 ad

118 1187 351 1226 referendam
369 1189 529 1239 gratiam
555 1189 779 1226 nominatim
806 1194 994 1234 vocarent,
1019 1199 1097 1225 non
1116 1186 1221 1224 veni-

117 1252 198 1277 rem
214 1243 232 1278 ?
260 1254 349 1279 cum
367 1241 573 1292 praesertim
593 1249 629 1279 te
655 1243 736 1291 jam
755 1242 874 1287 illinc,
896 1253 984 1278 cum
1001 1240 1070 1277 tua
1087 1238 1221 1289 fugiti-

117 1305 251 1334 vorum
279 1307 411 1340 manu,
439 1294 645 1332 discessisse
670 1301 863 1332 constaret.
895 1293 974 1331 Hic
995 1300 1037 1330 tu
1063 1305 1126 1329 me
1151 1291 1220 1329 eti-

117 1359 194 1394 am,
202 1348 393 1385 custodem
406 1347 714 1398 defensoremque
726 1347 903 1398 Capitolii
915 1346 1221 1397 templorumque

115 1400 303 1448 omnium,
335 1400 480 1439 hostem
512 1400 771 1450 Capitolinum
803 1399 991 1450 appellare
1020 1411 1134 1436 ausus
1165 1410 1218 1444 es,

115 1453 231 1503 quod,
252 1466 339 1491 cum
357 1455 397 1491 in
417 1453 604 1504 Capitolio
623 1461 795 1491 senatum
821 1453 897 1490 duo
916 1451 1084 1490 consules
1101 1451 1218 1489 habe-

114 1513 211 1552 rent,
243 1519 286 1544 eo
314 1507 515 1545 venirem?
556 1507 747 1544 Utrumne
778 1514 833 1544 est
864 1513 1015 1556 tempus
1045 1503 1215 1555 aliquod,

114 1571 190 1609 quo
219 1558 259 1596 in
279 1568 450 1597 senatum
476 1559 620 1597 venisse
642 1567 752 1610 turpe
781 1559 859 1597 sit?
887 1571 935 1596 an
966 1571 1023 1595 res
1048 1558 1115 1595 illa
1131 1556 1218 1594 talis

114 1619 206 1660 erat,
234 1612 281 1650 de
305 1613 382 1663 qua
407 1614 603 1663 agebatur,
627 1620 671 1650 ut
696 1626 775 1650 rem
801 1612 924 1662 ipsam
949 1610 1162 1662 repudiare,
1182 1616 1220 1648 et

116 1676 192 1711 eOS,
213 1665 280 1716 qui
297 1667 472 1716 agebant,
495 1665 742 1703 condemnare
761 1665 966 1702 deberem?

170 1718 242 1755 IV.
273 1718 463 1765 Primum,
483 1718 566 1756 dico
585 1719 762 1756 senatoris
789 1731 866 1756 esse
890 1717 992 1763 boni,
1013 1729 1160 1767 semper
1177 1715 1218 1753 in

116 1777 288 1809 senatum
313 1771 464 1810 venire:
494 1784 563 1811 nec
588 1784 676 1809 cum
700 1771 759 1809 his
788 1771 920 1816 sentio,
947 1770 1013 1821 qui
1032 1776 1217 1815 statuunt,

114 1823 241 1861 minus
260 1824 368 1862 bonis
387 1825 633 1875 temporibus,
649 1825 688 1861 in
703 1832 876 1862 senatum
887 1824 960 1874 ipsi
973 1835 1049 1860 non
1064 1822 1189 1860 venire
1203 1835 1216 1866 3

114 1887 190 1913 non
208 1876 470 1927 intelligentes,
485 1878 582 1916 hanc
601 1890 710 1917 suam
724 1877 883 1914 nimiam
902 1875 1217 1926 perseverantiam

115 1929 352 1967 vehementer
369 1929 428 1977 iis,
441 1943 605 1981 quorum
617 1930 790 1969 animum
802 1930 988 1968 offendere
1003 1929 1201 1966 voluerunt

114 1989 262 2032 gratam
280 1989 317 2020 et
331 1983 539 2031 jucundam
557 1983 682 2021 fuisse.
711 1984 769 2022 At
783 1983 885 2021 enim
897 1982 1084 2027 nonnulli,
1105 1992 1216 2030 prop-

115 2042 172 2072 ter
200 2035 388 2081 timorem,
415 2036 517 2086 quod
546 2049 584 2074 se
608 2037 648 2074 in
674 2043 804 2074 senatu
823 2043 905 2074 tuto
929 2047 1005 2073 non
1025 2046 1101 2071 esse
1119 2030 1217 2068 arbi-

114 2089 323 2135 trabantur,
343 2088 599 2127 discesserunt.
629 2090 721 2127 Non
739 2088 967 2140 reprehendo
983 2101 993 2124 z
1023 2098 1091 2124 nec
1110 2097 1215 2134 quae-

115 2146 172 2190 r'o‚
215 2140 376 2181 fueritne
417 2142 563 2194 aliquid
598 2142 949 2194 pertimescendum.
992 2139 1108 2185 Puto,
1145 2148 1216 2175 suo
