1435 2328
221 106 299 146 106
408 104 551 146 POST
579 105 852 146 REDITUM
881 106 916 146 Ι.
945 105 1050 145 ΟΑΡ.
1074 106 1137 145 13.

211 225 255 252 ac
272 213 418 253 timoris
436 214 514 253 mei
537 225 614 252 non
633 221 701 263 est,
722 214 848 253 conari
867 226 1163 254 commemorare
1180 213 1324 252 benefi-

213 267 271 305 cia
288 267 329 306 in
347 280 410 307 me
423 268 682 319 singulorum:
704 281 794 306 nam
809 268 959 306 difficile
971 276 1039 316 est,
1052 280 1128 306 non
1143 267 1324 319 aliquem,

211 321 318 360 nefas
345 335 592 373 quemquam,
613 322 813 373 praeterire.
843 322 930 372 Ego
949 335 1013 360 vos
1031 321 1239 369 universos,
1258 334 1326 372 pa-

212 381 286 413 tres
305 376 518 426 conscripti,
539 376 711 414 Deorum
737 388 896 413 numero
921 376 1039 413 colere
1064 375 1193 413 debeo.
1235 375 1324 421 Sed,

210 436 268 475 ut,
289 429 328 466 in
351 429 442 481 ipsis
461 429 547 467 Diis
565 429 858 476 immortalibus,
880 441 956 466 non
982 441 1129 480 semper
1158 428 1322 476 eosdem,

210 490 326 533 atque
340 483 431 521 alias
450 483 556 531 alios,
578 483 741 521 solemus
760 491 796 521 et
815 483 981 521 venerari
1002 490 1039 520 et
1056 481 1225 533 precari;
1256 482 1322 530 sic,

209 536 251 573 in
279 536 499 574 hominibus
529 536 576 574 de
602 549 665 574 me
695 537 875 575 divinitus
907 537 1065 581 meritis,
1105 535 1227 574 omnis
1255 535 1326 573 erit

210 596 299 628 aetas
311 590 408 628 mihi
427 590 475 628 ad
490 603 620 628 eorum
635 603 723 641 erga
740 603 803 628 me
815 590 950 628 merita
963 589 1203 643 praedicanda
1214 596 1328 641 atque

217 644 430 682 recolenda.

264 697 462 735 Hodierno
480 704 607 736 autern
627 697 700 746 die,
728 697 955 735 nominatim
974 711 997 735 a
1014 710 1077 735 me
1094 695 1325 747 magistrati-

207 753 281 789 bus
296 751 410 789 statui
428 751 565 802 gratias
585 764 663 789 esse
678 751 855 801 agendas,
872 758 909 789 et
927 751 973 789 de
991 751 1146 802 privatis
1159 751 1240 797 uni,
1255 750 1324 801 qui

209 817 280 855 pro
299 805 420 842 salute
438 805 525 842 mea
543 805 752 856 municipia
771 805 1009 855 coloniasque
1027 804 1180 851 adisset,
1201 816 1324 854 popu-

209 859 295 896 lum
310 859 532 896 Romanum
545 859 707 909 supplex
719 858 957 905 obsecrasset,
975 858 1197 895 sententiam
1209 857 1326 895 dixis-

211 919 266 949 set
286 925 384 960 eam,
401 925 517 963 quarn
536 924 601 950 vos
615 912 743 960 secuti,
756 912 854 949 mihi
865 911 1090 962 dignitatem
1103 923 1230 948 meam
1241 911 1325 948 red-

212 965 371 1004 didistis.
413 966 494 1004 Vos
517 978 579 1003 me
611 966 808 1004 florentem
836 977 983 1015 semper
1004 964 1188 1010 orn‘astisg
1218 964 1326 1002 labo-

209 1025 372 1066 rantem,
411 1019 621 1056 mutatione
650 1019 777 1065 vestis,
822 1025 858 1057 et
894 1031 1011 1069 prope
1045 1018 1152 1056 luctu
1189 1024 1324 1067 vestro,

208 1072 335 1124 quoad
354 1072 475 1120 licuit,
496 1072 725 1110 defendistis.
756 1073 798 1110 N
800 1070 898 1110 ostra
922 1072 1120 1119 memoria,
1137 1077 1325 1109 senatores

211 1138 261 1164 ne
279 1126 319 1163 in
338 1126 414 1164 suis
433 1125 589 1177 quidem
608 1126 784 1177 periculis
803 1133 952 1163 mutare
970 1132 1110 1163 vestem
1129 1125 1299 1162 solebant
1311 1139 1323 1162 ε

209 1179 251 1217 in
274 1192 359 1217 meo
377 1179 544 1231 periculo
563 1186 713 1218 senatus
738 1186 839 1217 veste
861 1179 1009 1216 mutata
1027 1178 1114 1227 fuit,
1134 1179 1260 1230 quoad
1278 1179 1326 1216 li-

210 1233 288 1271 cuit
305 1246 373 1283 per
393 1245 523 1271 eorum
549 1232 682 1280 edicta,
704 1232 771 1283 qui
796 1245 882 1269 mea
908 1232 1089 1283 pericula,
1110 1244 1186 1269 non
1210 1232 1325 1270 modo

211 1299 281 1325 suo
292 1286 480 1336 praesidio,
491 1286 556 1324 sed
570 1286 683 1323 etiam
696 1286 819 1324 vestra
833 1285 1105 1336 deprecatione,
1118 1285 1325 1323 nudarunt.

264 1339 417 1387 Quibus
438 1353 506 1390 ego
525 1341 636 1378 rebus
655 1339 822 1389 objectis,
844 1352 933 1378 cum
957 1339 1054 1376 mihi
1072 1339 1217 1390 privato
1236 1351 1325 1377 con-

212 1393 423 1443 fligendum
438 1393 605 1431 viderem
621 1406 709 1431 cum
729 1393 859 1430 eodem
874 1392 1052 1440 exercitu,
1066 1405 1182 1444 quem
1196 1393 1327 1431 consul

213 1459 291 1484 non
311 1446 440 1494 armis,
463 1446 526 1484 sed
544 1446 666 1484 vestr&
683 1447 916 1498 auctoritate,
937 1447 1175 1498 superaram3
1202 1447 1327 1485 multa

217 1512 371 1538 mecum
390 1500 470 1551 ipse
487 1501 671 1551 reputavi.

267 1553 393 1591 XIII.
424 1553 586 1591 Dixerat
603 1553 642 1590 in
662 1553 838 1592 concione
852 1550 996 1600 consul,
1018 1566 1057 1591 se
1071 1553 1158 1591 clivi
1173 1553 1327 1605 Capito-

213 1606 283 1644 lini
310 1619 438 1658 poenas
458 1609 505 1645 ab
526 1607 716 1657 equitibus
735 1607 921 1645 Romanis
939 1607 1200 1657 repetiturum.
1243 1608 1328 1645 No-

213 1660 392 1698 minatim
403 1660 468 1697 alii
486 1661 833 1711 compellabantur:
855 1661 920 1698 ahi
938 1661 1171 1706 citabantur-3
1193 1660 1257 1697 alii
1271 1674 1329 1699 re-

212 1714 450 1764 legabantur.
479 1713 623 1751 Aditus
641 1714 872 1764 templorum
885 1721 991 1752 erant
1004 1726 1080 1751 non
1093 1713 1216 1751 solum
1227 1727 1325 1765 prae..

214 1767 319 1805 sidiis
353 1773 389 1804 et
417 1779 549 1813 manu,
582 1779 716 1804 verum
741 1767 855 1804 etiam
885 1767 1142 1815 demolitione,
1174 1768 1324 1805 sublati.

214 1821 329 1858 Alter
347 1820 493 1866 consul,
513 1826 557 1857 ut
575 1832 638 1858 me
660 1827 696 1857 et
723 1820 999 1871 rempublicam
1023 1832 1100 1858 non
1129 1821 1243 1859 modo
1261 1821 1326 1859 de-

215 1881 391 1920 sererent,
426 1873 490 1911 sed
524 1873 637 1911 etiam
660 1873 830 1912 hostibus
859 1873 1075 1925 reipublicae
1110 1874 1325 1925 proderent,

215 1927 453 1979 pactionibus
473 1939 533 1964 eos
549 1939 703 1964 suorum
722 1927 966 1978 praemiorum
985 1927 1181 1978 obligarat.
1228 1928 1326 1966 Erat

215 1981 313 2019 alius
332 1980 380 2018 ad
397 1986 523 2032 portas
543 1993 631 2018 cum
657 1981 816 2031 imperio
834 1981 874 2018 in
893 1982 1034 2019 multos
1063 1993 1195 2028 annos,
1215 1994 1324 2032 mag.

205 2046 342 2085 ·noque
360 2033 524 2072 exercitu
538 2047 550 2080 ς
581 2046 696 2084 quem
709 2047 778 2085 ego
789 2034 987 2072 inimicum
1001 2034 1097 2072 mihi
1115 2034 1230 2073 fuisse
1246 2047 1324 2074 non

215 2087 324 2134 dico3
353 2087 526 2135 tacuisse,
546 2100 634 2125 cum
652 2087 836 2126 diceretur
855 2100 931 2126 esse
948 2088 1138 2135 inimicus,
1158 2088 1245 2126 scio.

267 2140 369 2180 Duae
381 2147 506 2195 partes
524 2153 602 2180 esse
619 2140 660 2179 in
678 2141 872 2193 republica
889 2154 980 2180 cum
997 2147 1246 2193 putarentur3
1266 2142 1323 2181 al-
