1425 2334
296 87 409 127 PRO
437 88 607 128 DOMO
636 89 755 127 sUA.
785 89 889 127 CAP.
909 90 972 126 32.
1103 89 1176 126 159

82 194 254 232 tribunus
270 194 392 245 plebis
409 194 698 255 promulgasset,
726 194 852 233 adesse
870 203 1020 255 propter
1039 194 1178 245 iniqui-

81 255 197 285 tatem
209 247 310 286 illius
321 247 485 286 Cinnani
500 248 676 298 temporis
689 248 832 293 noluit;
853 248 961 298 eique
971 248 1174 298 imperium

81 308 136 338 est
154 301 418 350 abrogatum·
407 330 419 347 ‚
449 301 478 339 si
510 302 549 338 in
574 302 640 339 illo
658 313 768 352 poena
785 300 955 351 legitima
967 300 1174 360 turpitudi7

79 365 167 390 nem
185 365 261 390 non
283 353 416 392 habuit
433 362 584 414 propter
602 354 679 393 vim
698 362 936 405 temporumr,
965 354 1004 390 in
1022 366 1098 401 me,
1114 353 1175 391 cui

78 405 158 444 dies
172 406 271 444 dicta
280 419 356 445 non
368 416 436 455 est,
450 411 517 458 qui
530 421 614 446 reus
625 420 700 445 non
714 407 784 454 fui,
801 407 866 458 qui
881 419 1076 458 nunquam
1090 419 1175 443 sum

82 472 106 497 a
123 459 274 498 tribuno
291 461 411 511 plebis
429 461 575 508 citatus,
603 461 772 498 damnati
804 473 913 511 poena
938 473 1014 498 esse
1041 459 1177 510 potuit,

85 525 129 550 ea
145 513 365 563 praesertim,
384 527 470 565 quae
487 526 535 552 ne
559 514 599 552 in
617 514 700 565 ipsa
717 513 871 565 quidem
889 513 1079 564 rogatione
1091 525 1177 563 pro-

84 566 223 616 scripta
240 569 324 605 est?

136 618 320 657 XXXII.
339 620 398 658 At
412 620 508 668 vide,
524 621 637 672 quid
627 620 771 658 intersit
789 620 884 658 inter
901 620 1033 658 illum
1023 619 1180 670 iniquis-

84 671 224 710 simum
242 673 358 724 patris
377 674 433 711 tui
457 687 600 721 casum,
620 681 657 712 et
674 674 771 712 hanc
788 674 979 711 fortunam
998 673 1177 711 conditio-

82 736 246 775 nemque
257 733 433 764 nostram.
455 727 606 765 Patrem
621 735 745 772 tuum,
759 727 876 765 civem
889 727 1090 777 optimum,
1104 726 1179 763 cla-

84 777 220 815 rissimi
239 779 308 816 viri
319 779 455 826 filium,
477 780 560 831 (qui
578 781 608 818 si
619 780 771 826 viveret,
792 779 867 830 qua
880 780 1072 818 severitate
1088 778 1176 826 fuit,

84 837 126 868 tu
144 831 309 881 profecto
333 845 408 870 non
428 833 582 880 viveres)
606 833 653 870 L.
681 833 881 883 Philippus
899 845 1038 879 censor,
1058 844 1177 869 avun-

83 884 213 922 culum
234 898 362 933 suum,
392 886 571 936 praeteriit
597 886 637 923 in
668 886 855 924 recitando
884 892 1026 924 senatu.
1067 884 1178 921 Nihil

84 937 186 975 enim
205 946 349 988 poterat
359 938 492 987 dicere,
508 952 624 990 quare
634 947 715 977 rata
728 951 800 976 non
818 946 952 986 essent,
972 951 1057 988 quae
1076 944 1181 975 erant

84 997 168 1028 acta
185 991 224 1028 in
243 992 288 1029 ea
305 992 509 1043 republica,
529 994 568 1029 in
588 993 666 1043 qua
683 1005 721 1030 se
744 993 818 1030 illis
837 992 925 1042 ipsis
945 991 1178 1042 temporibus

85 1056 274 1082 censorem
297 1058 375 1084 esse
392 1045 591 1084 voluisset:
622 1058 684 1083 me
709 1046 755 1083 L.
777 1046 901 1092 Cotta,
921 1045 1034 1082 homo
1052 1056 1180 1082 censo-

86 1097 178 1145 rius,
187 1097 227 1134 in
234 1106 365 1136 senatu
374 1101 522 1148 juratus
533 1099 642 1145 dixit,
652 1099 739 1143 se,si
751 1111 878 1136 censor
885 1106 968 1135 tum
975 1104 1081 1144 esset,
1090 1109 1178 1134 cum

81 1162 151 1201 ego
167 1152 333 1200 aberam,
353 1164 437 1189 meo
454 1151 535 1189 1000
553 1159 761 1189 senatorem
779 1153 1019 1189 recitaturum
1037 1150 1164 1187 fuisse.

135 1204 234 1251 Quis
251 1204 291 1242 in
305 1217 434 1243 meum
445 1204 570 1242 locum
585 1205 752 1254 judicem
764 1204 954 1242 subdidit?
974 1204 1059 1254 quis
1074 1215 1176 1241 meo-

83 1270 167 1295 rum
184 1257 391 1296 amicorum
412 1264 678 1296 testamentum
698 1258 861 1296 discessu
879 1269 964 1294 meo
982 1256 1080 1304 fecit,
1110 1256 1177 1307 qui

82 1310 178 1349 mihi
194 1322 271 1349 non
297 1311 398 1349 idem
425 1311 609 1359 tribuerit,
629 1311 731 1362 quod
750 1317 786 1349 et
804 1311 835 1349 si
852 1309 1047 1348 adessem?
1077 1309 1176 1356 Quis

79 1377 156 1411 me,
175 1376 251 1402 non
264 1364 377 1402 modo
395 1364 498 1413 civiS,
513 1364 579 1402 sed.
597 1364 729 1411 socius,
748 1364 908 1414 recipere
925 1370 1053 1401 contra
1070 1369 1177 1399 tuam

79 1418 202 1468 legem
216 1424 253 1455 et
266 1418 398 1466 juvare
418 1418 634 1456 dubitavit?
664 1417 840 1467 Denique
858 1416 1052 1454 universus
1070 1427 1176 1453 sena-

79 1477 142 1509 tus
160 1471 283 1509 multo
308 1478 408 1520 ante,
439 1484 555 1523 quam
584 1477 640 1509 est
669 1471 746 1508 lata
774 1471 836 1508 lex
863 1469 910 1507 de
937 1482 1013 1516 me,
1038 1468 1177 1519 gratias

79 1524 244 1575 agendas
255 1524 399 1563 censuit
409 1523 641 1563 civitatibus·
632 1523 691 1571 115,
709 1527 736 1546 “
746 1536 832 1574 quae
845 1522 906 1560 Μ.
916 1522 954 1560 'l
956 1522 1134 1560 ullium'’.

81 1577 306 1616 tantumne?
333 1578 452 1616 immo
479 1577 607 1625 etiam,
642 1579 670 1600 “
689 1577 808 1615 civem
830 1575 972 1626 optime
995 1575 1042 1612 de
1066 1548 1177 1635 repu-

80 1630 180 1669 blica
192 1631 384 1679 meritum,
397 1631 628 1682 recepissent.
631 1630 656 1648 ’'
671 1630 726 1667 Et
739 1637 900 1676 munus,
909 1628 1059 1679 pestifer
1073 1628 1176 1676 civis,

82 1696 171 1721 eum
189 1684 402 1722 restitutum
415 1697 529 1735 negas
543 1696 620 1722 esse
633 1684 766 1744 civem,
786 1695 900 1733 quem
919 1683 1080 1731 ejectum
1092 1681 1179 1718 uni-

82 1749 209 1775 versus
227 1744 389 1786 senatus,
405 1750 480 1775 non
495 1737 608 1775 modo
621 1737 754 1786 civem,
769 1735 833 1774 sed
851 1735 965 1773 etiam
984 1735 1177 1786 egregium

83 1789 217 1838 civem,
233 1802 422 1842 semperp
424 1790 570 1828 utavit?

133 1842 192 1880 At
210 1855 310 1891 vero,
329 1850 373 1881 ut
395 1844 546 1882 annales
562 1843 695 1895 populi
710 1842 875 1880 Romani
893 1848 930 1880 et
947 1840 1180 1879 monimenta

81 1896 274 1934 vetustatis
290 1896 512 1946 loquuntur,
541 1896 648 1935 Caeso
665 1896 730 1934 1116
748 1895 944 1944 Quintius,
964 1901 1001 1933 et
1019 1893 1079 1931 M.
1100 1893 1181 1930 Fu-

79 1949 157 1987 rius
187 1948 388 1996 Camillus,
418 1956 455 1987 et
479 1949 539 1987 Μ.
560 1949 740 1988 Servilius
766 1948 909 1995 Ahala,
940 1959 1028 1985 cum
1060 1952 1180 1984 essent

79 2002 221 2053 optime
239 2001 287 2040 de
303 2002 495 2052 republica
506 2002 642 2050 meriti,
656 2009 782 2040 tamen
799 2001 932 2052 populi
949 1999 1091 2037 incitati
1103 1999 1180 2036 vim

79 2054 387 2106 iracundiamque
410 2056 627 2093 subierunt·
657 2055 902 2106 damnatique
920 2051 1078 2091 comitiis
1096 2063 1182 2089 cen-

79 2107 227 2146 turiatis
245 2120 333 2146 cum
350 2107 391 2145 in
418 2108 596 2147 exsilium
622 2108 900 2167 profugissent,
907 2117 1035 2144 rursus
1053 2105 1102 2142 ab
1119 2116 1181 2142 eo-

78 2160 166 2201 dem
183 2161 325 2213 populo
343 2160 489 2213 placato
503 2168 592 2200 sunt
608 2161 650 2199 in
669 2173 777 2199 suam
796 2159 994 2211 pristinam
1018 2156 1181 2208 dignita-
