1455 2343
253 92 327 130 156
456 92 569 132 PRO
598 92 770 132 DOMO
801 92 922 132 SUA.
952 92 1056 132 CAP.
1078 94 1145 132 29.

241 199 423 239 videatur.
454 200 583 249 Quare
602 202 668 240 illa
686 201 879 239 calamitas
899 201 947 242 (si
965 201 1018 238 ita
1036 207 1092 238 est
1104 199 1347 251 appellanda)

239 254 401 292 excussit
429 255 499 293 hoc
528 268 648 306 genus
676 263 800 293 totum
830 254 1034 302 maledicti,
1066 266 1114 291 ne
1143 253 1345 305 quisquam

237 307 374 345 audeat
402 309 483 358 jam
515 309 784 360 reprehendere
820 309 1059 347 consulatum
1095 319 1241 355 meum,
1274 314 1343 354 tot,

237 361 366 408 tantis,
386 369 466 400 tam
484 363 624 400 ornatis
651 362 818 412 judiciis,
850 361 1087 410 testimoniis,
1113 360 1344 399 auctoritati-

233 415 319 461 bus,
341 418 640 467 comprobatum.

286 468 448 507 XXIX.
478 470 595 517 Quod
613 470 657 517 si,
684 470 723 507 in
742 470 813 507 isto
831 477 898 508 tuo
916 469 1130 517 maledicto,
1159 470 1341 520 probrum

235 532 312 559 non
330 523 444 561 modo
463 524 560 560 mihi
578 524 731 561 nullum
761 525 937 573 objectas,
959 524 1023 561 sed
1048 523 1163 561 etiam
1187 522 1342 560 laudem

233 574 397 615 illustras
415 590 567 622 meam3
598 577 692 628 quid
710 584 747 615 te
766 586 832 615 aut
846 577 926 615 fieri
938 584 1005 615 aut
1018 577 1112 627 fingi
1130 575 1341 614 dementius

233 633 386 679 potest?
415 631 505 668 Uno
524 631 626 668 enim
645 631 859 679 maledicto,
880 631 939 669 bis
962 644 984 668 a
1002 643 1065 668 me
1082 630 1246 681 patriam
1265 643 1340 668 ser-

233 690 357 720 vatam
378 697 455 722 esse
474 684 670 730 concedis;
701 685 832 732 semel,
861 696 949 722 cum
968 683 1007 721 id
1025 684 1110 731 feci,
1139 683 1242 734 quod
1256 696 1339 722 om-

231 746 297 774 nes
316 749 392 774 non
411 745 551 788 negant
578 737 868 785 immortalitati,
898 738 929 775 si
957 737 1039 775 fieri
1066 744 1202 788 potest,
1230 749 1339 776 man-

229 788 414 837 dandum,
444 799 485 829 tu
509 792 692 843 supplicio
720 791 959 842 puniendum
987 791 1154 842 putasti,
1144 804 1153 814 ·
1183 790 1337 839 iterum,

227 855 316 880 cum
336 851 462 892 tuum,
491 846 777 896 multorumque
799 852 951 896 propter
977 852 1028 892 te,
1056 845 1338 883 inflammatum

226 896 267 933 in
285 898 402 936 bonos
421 912 511 936 omn
515 912 552 937 es
565 899 767 950 impetum,
779 912 865 937 meo
876 911 1028 949 corpore
1039 899 1183 949 excepi,
1196 910 1244 936 ne
1255 911 1339 937 eam

227 949 432 998 civitatem,
454 966 571 1004 quam
591 966 795 991 servassem
814 952 983 1001 inermis,
1003 959 1170 990 amiatus
1195 951 1236 990 in
1262 952 1339 990 dis-

228 1004 368 1043 crimen
384 1005 621 1044 adducerem.
1131 1023 1136 1028 ·

282 1058 390 1106 Esto,
410 1072 486 1097 non
505 1060 607 1098 fuit
597 1073 637 1097 m
659 1073 722 1098 me
747 1073 857 1112 poena
884 1061 965 1099 ulla
995 1060 1160 1112 peccati:
1191 1067 1231 1098 at
1261 1059 1335 1098 fuit

223 1112 370 1160 judicii.
401 1113 552 1162 Cujus?
584 1114 682 1160 Quis
701 1128 762 1152 me
786 1128 960 1166 unquam
978 1115 1059 1152 ulla
1077 1116 1160 1165 lege
1177 1113 1334 1152 interro-

225 1166 360 1215 gavit?
391 1167 476 1217 quis
490 1167 694 1218 postulavit
707 1170 724 1205 ἓ
754 1168 838 1219 quis
856 1168 958 1206 diem
977 1168 1104 1206 dixit?
1125 1168 1254 1205 Potest
1264 1167 1335 1218 igi-

225 1226 288 1256 tur
310 1219 480 1257 damnati
506 1233 658 1270 poenam
677 1222 858 1259 sustinere
875 1221 1116 1259 indemnatus
1133 1223 1150 1259 ?
1178 1221 1250 1258 hoc
1268 1222 1335 1259 tri-

224 1272 421 1310 bunicium
438 1281 516 1311 est.
507 1277 524 1300 '²
554 1274 625 1311 hoc
643 1275 853 1324 populare?
882 1287 1117 1326 quamquam
1136 1274 1203 1312 ubi
1228 1281 1271 1312 tu
1296 1282 1334 1313 te

222 1327 459 1376 popularem,
480 1326 553 1364 nisi
568 1339 656 1364 cum
675 1340 743 1377 pro
761 1328 903 1379 populo
914 1328 1046 1374 fecisti,
1061 1335 1168 1378 potes
1179 1327 1332 1367 dicere?

223 1379 385 1428 Scilicet,
407 1393 494 1418 cum
513 1381 613 1418 hoc
599 1380 695 1429 Juris
720 1394 743 1418 a
761 1381 969 1430 majoribus
992 1381 1187 1432 proditum
1206 1381 1268 1429 sit,
1287 1389 1332 1420 ut

223 1444 333 1470 nemo
362 1433 450 1471 civis
480 1434 680 1472 Romanus
709 1442 776 1472 aut
803 1435 1015 1472 libertatem
1044 1442 1111 1472 aut
1141 1435 1331 1473 civitatem

221 1486 338 1537 possit
356 1487 541 1534 amittere,
571 1487 643 1525 nisi
669 1487 749 1539 ipse
771 1496 900 1526 auctor
919 1488 1040 1526 factus
1061 1488 1132 1526 sit:
1164 1487 1268 1540 quod
1286 1496 1329 1527 tu

219 1541 299 1591 ipse
317 1541 473 1591 potuisti
486 1541 526 1578 in
538 1541 605 1578 tua
617 1541 731 1579 causa
743 1541 894 1579 discere.
925 1542 1047 1580 Credo
1061 1541 1177 1589 enim,
1194 1555 1330 1593 quam-

219 1606 351 1645 quam,
378 1595 418 1632 in
447 1594 515 1633 illa
544 1595 758 1646 adoptione,
785 1595 954 1646 legitime
973 1595 1118 1633 factum
1143 1602 1198 1633 est
1215 1595 1326 1644 nihil,

218 1655 346 1686 tamen
365 1655 402 1686 te
421 1661 498 1687 esse
515 1649 803 1700 interrogatum,
827 1651 855 1672 “
874 1649 1071 1687 Auctorne
1092 1661 1205 1696 esseS,
1224 1655 1269 1687 ut
1285 1649 1326 1688 in

219 1709 256 1739 te
272 1703 317 1739 P.
338 1701 520 1740 Fonteius
539 1702 625 1740 vitae
649 1703 826 1754 necisque
843 1709 1067 1753 potestatem
1093 1702 1262 1752 haberet,
1283 1710 1328 1741 ut

217 1754 257 1792 in
276 1755 394 1793 filio.”
423 1756 579 1803 Quaero,
611 1756 642 1794 si
671 1763 738 1794 aut
761 1757 949 1807 negasses,
980 1763 1047 1794 aut
1073 1756 1262 1802 tacuisses,
1294 1757 1327 1794 si

217 1815 345 1847 tamen
363 1808 403 1846 id
432 1809 558 1847 XXX
588 1809 701 1848 curiae
731 1811 943 1859 jussissent,
976 1822 1072 1847 num
1103 1809 1144 1847 id
1172 1811 1324 1859 jussum

217 1869 312 1900 esset
330 1865 488 1902 ratum?
517 1870 614 1901 certe
631 1876 718 1901 non.
749 1863 857 1911 Quid
884 1864 971 1902 ita?
1001 1863 1093 1914 quia
1107 1864 1172 1912 jus
1198 1877 1221 1901 a
1241 1876 1324 1902 ma-

214 1916 360 1965 joribus
373 1916 524 1964 nostris,
545 1917 612 1968 qui
637 1929 714 1955 non
737 1917 822 1955 ficte
848 1924 884 1954 et
906 1917 1089 1955 fallaciter
1106 1917 1321 1967 populares,

215 1969 279 2007 sed
293 1983 378 2008 vere
391 1977 428 2008 et
446 1971 645 2022 sapienter,
661 1971 829 2019 fuerunt,
848 1971 902 2009 ita
915 1976 1176 2022 comparatum
1190 1977 1260 2019 est,
1281 1979 1325 2009 ut

216 2023 306 2062 civis
325 2023 525 2062 Romanus
542 2024 757 2062 libertatem
776 2037 888 2062 nemo
906 2024 1025 2075 possit
1051 2024 1192 2062 invitus
1211 2023 1323 2061 amit-

216 2084 303 2114 tere.
333 2077 570 2125 Quinetiam,
591 2079 622 2115 si
637 2078 837 2116 decemviri
855 2084 1132 2116 sacramentum
1151 2077 1191 2114 in
1209 2077 1322 2115 liber-

215 2137 331 2169 tatem
350 2131 535 2181 injustum
560 2132 817 2182 judicassent3
848 2139 990 2180 tamen,
1011 2130 1323 2182 quotiescumque
