1425 2334
251 96 392 143 POST
421 95 691 141 REDITUM
723 95 758 139 1'.
788 100 893 139 CAP.
923 96 966 139 5.
1107 97 1161 147 97

58 209 295 259 reposcebat.
325 209 393 271 qui
421 204 485 248 me
513 208 590 247 duo
622 203 893 246 sceleratissimi
922 214 1008 257 post
1038 207 1163 246 homi-

60 273 154 299 num
185 264 422 310 memoriam,
452 274 528 300 non
562 261 744 307 consules,
777 260 841 298 sed
870 260 1045 306 latrones,
1084 271 1161 298 non

59 314 172 352 modo
201 315 455 360 deseruerunt,
489 316 528 352 in
558 315 670 352 causa
702 314 908 365 praesertim
938 314 1091 364 publica
1124 321 1161 352 et

58 368 256 415 consulari,
270 369 334 407 sed
346 369 604 420 prodiderunt,
625 367 908 418 oppugnarunt,
929 367 1033 404 omni
1051 367 1161 404 auxi-

57 420 122 465 lio,
143 432 218 459 non
238 423 360 460 solum
381 434 462 469 suo,
483 422 548 459 sed
571 421 684 459 etiam
710 428 844 466 vestro,
865 426 1160 470 caeterorumque

56 473 249 523 ordinum,
281 476 481 526 spoliatum
513 487 590 512 esse
622 475 844 512 voluerunt:
875 485 1039 524 quorum
1064 474 1158 510 alter

54 532 180 564 tamen
199 539 321 579 neque
339 541 401 566 me
418 540 541 579 neque
559 539 791 578 quemquam
806 525 949 564 fefellit.

109 580 160 618 V.
189 580 288 628 Quis
307 581 408 619 enim
433 581 553 618 ullam
579 581 694 618 ullius
712 580 802 618 boni
820 592 925 629 spem
944 578 1126 617 haberet'
1115 592 1155 617 111

55 643 113 680 eo,
141 635 248 682 cujus
278 634 447 685 primum
478 641 627 685 tempus
657 633 774 671 aetatis
798 633 925 683 palam
953 632 1084 670 fuisset
1108 632 1156 670 ad

55 687 227 724 omnium
241 687 414 726 libidines
432 687 670 748 divulgatum
688 689 706 725 Ρ
735 686 801 737 qui
816 699 863 723 ne
881 699 904 723 a
922 686 1157 724 sanctissima

55 739 210 788 quidem
229 748 334 801 parte
352 741 514 791 corporis
539 740 719 791 potuisset
739 739 940 777 hominum
964 739 1155 790 impuram

54 791 381 844 intemperantiam
410 794 652 844 propulsare·
693 793 773 844 qui,
812 805 898 830 cum
936 805 1043 830 suam
1076 805 1156 830 rem

54 856 130 882 non
158 846 285 884 minus
313 855 477 894 strenue,
500 859 615 897 quam
642 854 772 896 postea
797 845 1005 896 publicam,
1031 845 1156 883 confe-

53 898 186 943 cisset3
227 907 429 950 egestatem
461 907 498 938 et
525 900 718 936 luxuriam
747 899 949 936 domestico
973 898 1157 936 lenocinio

53 954 300 991 sustentavit:
331 954 413 1004 qui,
436 953 509 990 nisi
538 953 577 989 in
603 965 707 990 aram
732 953 943 989 tribunatus
968 951 1157 1001 confugis-

51 1011 120 1051 set,
140 1017 263 1056 neque
287 1006 364 1044 vim
389 1006 571 1058 praetoris,
594 1018 663 1044 nec
686 1005 972 1042 multitudinem
998 1004 1156 1042 credito-

52 1070 153 1104 rum,
167 1071 234 1097 ncc
246 1061 430 1097 bonorum
445 1059 766 1110 proscriptionem,
783 1058 945 1108 effugere
958 1058 1151 1108 potuisset.

55 1110 146 1157 Quo
163 1112 203 1148 in
227 1113 448 1163 magistratu
467 1112 538 1149 nisi
562 1112 792 1162 rogationem
815 1111 861 1148 de
880 1111 1034 1161 piratico
1052 1111 1153 1148 bello

53 1164 225 1210 tulisset3
256 1166 433 1216 profectO,
464 1172 626 1216 egestate
655 1173 692 1202 et
720 1164 959 1215 improbitate
988 1171 1151 1211 coactus,

51 1216 247 1266 piraticam
275 1219 355 1269 ipse
372 1219 540 1264 fecisset3
571 1231 613 1256 ac
630 1218 775 1255 minore
794 1217 947 1268 quidem
973 1229 1061 1254 cum
1079 1217 1153 1254 rei-

52 1271 214 1320 publicae
243 1272 480 1318 detrimento,
507 1284 623 1323 quam
643 1271 746 1322 quod
766 1270 863 1308 intra
887 1270 1026 1307 moenia
1044 1270 1151 1307 nefa-

51 1323 130 1361 rius
148 1324 263 1363 hostis
287 1325 488 1376 praedoque
516 1332 682 1363 versatus
709 1331 786 1362 est:
818 1336 894 1374 quo
919 1323 1152 1373 inspectante

51 1388 94 1413 ac
112 1377 275 1425 sedente,
295 1379 418 1429 legem
442 1378 616 1416 tribunus
643 1378 763 1428 plebis
782 1377 883 1423 tulit,
903 1388 951 1414 ne
978 1376 1154 1426 auspiciis

50 1431 398 1482 obtemperaretur3
428 1444 475 1469 ne
486 1432 709 1469 obnuntiare
723 1431 878 1469 concilio
890 1436 956 1467 aut
975 1429 1149 1477 comitiis,

51 1494 99 1519 ne
115 1483 191 1534 legi
209 1484 448 1533 intercedere,
473 1485 599 1522 liceret
615 1499 625 1522 ι
656 1491 699 1521 ut
716 1484 778 1521 lex
792 1483 898 1521 AElia
916 1490 953 1520 et
972 1482 1084 1520 Fufia
1102 1494 1151 1520 ne

51 1536 242 1582 valerent;
283 1551 369 1589 quae
408 1538 524 1575 nostri
553 1538 713 1586 majores
746 1536 950 1575 certissima
985 1535 1157 1574 subsidia

51 1589 267 1640 reipublicae
285 1598 415 1628 contra
439 1591 655 1629 tribunicios
673 1590 816 1628 furores
836 1602 912 1627 esse
938 1589 1153 1627 voluerunt.

51 1641 237 1694 Idemque
256 1651 396 1694 postea,
413 1657 500 1682 cum
519 1643 804 1681 innumerabilis
815 1642 1021 1680 multitudo
1038 1644 1155 1680 bono-

48 1707 136 1733 rum
154 1696 200 1734 de
220 1696 406 1748 Capitolio
419 1698 580 1749 supplex
599 1697 646 1734 ad
665 1710 753 1734 eum
774 1696 960 1734 sordidata
978 1695 1152 1742 venisset,

49 1761 215 1799 cumque
245 1750 494 1789 adolescentes
521 1749 769 1810 nobilissimi,
783 1749 984 1810 cunctique
1010 1748 1155 1798 equites

50 1801 232 1850 Romani,
264 1816 302 1841 se
331 1803 380 1841 ad
407 1803 552 1841 lenonis
580 1802 828 1854 impurissimi
851 1802 964 1853 pedes
995 1801 1155 1850 abjecis-

49 1862 155 1900 sent3
186 1868 262 1906 quo
281 1856 389 1894 vultu
404 1857 637 1895 cincinnatus
651 1868 770 1906 ganeo
782 1867 857 1893 non
877 1855 998 1893 solum
1012 1854 1154 1892 civium

49 1906 250 1959 lacrymas,
270 1921 401 1947 verum
432 1910 545 1948 etiam
574 1910 706 1960 patriae
737 1921 878 1960 preces,
911 1907 1152 1958 repudiavit!

50 1960 189 2012 Neque
218 1974 261 2000 eo
293 1970 487 2000 contentus
516 1963 604 2009 fuit,
638 1962 702 2000 sed
732 1962 845 1999 etiam
871 1962 911 1998 in
938 1960 1153 1999 concionem

50 2013 257 2060 adscendit,
285 2027 403 2066 eaque
420 2015 530 2062 dixit,
551 2029 650 2066 quae,
681 2015 711 2052 si
736 2016 816 2064 ejus
841 2014 898 2052 vir
916 2013 1080 2052 Catilina
1098 2026 1157 2050 re-

50 2066 218 2113 vixisset,
242 2068 364 2106 dicere
394 2081 469 2106 non
495 2077 590 2107 esset
612 2080 752 2106 ausus:
781 2081 822 2106 se
845 2068 1046 2105 Nonarum
1075 2065 1158 2102 De-

51 2120 228 2168 cembris,
248 2134 334 2172 quae
359 2134 422 2159 me
447 2122 598 2160 consule
622 2121 794 2169 fuissent,
820 2121 982 2171 clivique
1001 2118 1158 2169 Capito-

55 2171 137 2217 lini,
152 2186 286 2223 poenas
303 2176 351 2219 ab
370 2174 560 2226 equitibus
580 2175 765 2213 Romanis
784 2186 862 2212 esse
877 2172 1163 2223 repetiturum.

109 2226 259 2274 (Orat.)
285 2238 389 2266 voi..
413 2239 483 2266 111.
861 2237 886 2263 Κ
