1425 2334
370 83 484 123 PRO
513 84 710 123 SULLA.
740 83 844 122 cip.
881 85 938 128 17.
1157 85 1203 122 61

103 203 331 229 eoncessum.
361 190 463 229 Cum
491 191 568 229 iuae
599 191 724 228 valent
745 191 847 241 apud
872 204 934 229 me
953 192 1208 230 excusationes

104 244 252 294 injuriae
270 253 360 292 tuae,
379 245 497 283 iratus
519 244 669 283 animus
687 252 790 289 tuus,
817 251 919 290 aetas,
939 244 1104 282 amicitia
1121 257 1209 282 nos-

105 305 190 342 tra;
219 305 303 334 tum
335 297 521 345 nondum,
552 304 688 345 statuo,
715 305 754 335 te
781 297 920 335 virium
945 297 1033 334 satis
1055 297 1207 344 habere,

105 358 149 388 ut
177 363 246 402 ego
270 358 395 389 tecum
424 351 559 389 luctari
585 359 621 388 et
643 351 819 401 congredi
841 351 1010 389 debeam.
1041 350 1158 397 Quod
1177 351 1209 388 si

105 416 204 442 esses
233 416 306 441 usu
336 411 451 455 atque
483 412 591 442 aetate
622 405 820 451 robustior,
854 417 972 442 essem
1006 403 1107 441 idem
1140 404 1207 454 qui

103 457 218 505 soleo,
250 470 338 495 cum
367 470 453 495 sum
480 457 685 496 lacessitus.
712 458 830 495 Nunc
854 464 977 495 tecum
1004 457 1055 495 sic
1079 469 1206 506 agam,

104 510 236 548 tulisse
264 518 309 548 ut
325 511 452 562 potius
474 511 669 561 injuriam,
696 523 813 561 quam
831 507 1001 549 retulisse
1030 510 1206 560 gratiam,

104 563 243 602 videar.

156 617 298 655 XVII.
329 617 467 669 Neque
479 631 579 665 vero,
593 618 686 669 quid
699 618 796 655 mihi
813 618 985 665 irascare,
1001 616 1211 667 inteffigere

103 683 272 722 possum.
302 671 357 719 Si,
389 671 491 722 quod
517 684 605 709 eum
631 671 804 718 defendo,
826 684 941 722 quem
966 679 1009 708 tu
1029 683 1206 716 accusas;

101 737 171 762 cur
189 724 259 762 tibi
277 737 428 775 quoque
442 725 522 775 ipse
535 738 611 763 non
627 737 838 772 succenseo,
859 725 926 775 qui
938 737 1085 762 accuses
1105 736 1208 771 eum,

104 790 220 828 quem
232 791 301 839 ego
313 778 504 816 defendo?
535 778 778 825 Inimicum,
768 779 908 829 lnquis,
922 790 1053 815 accuso
1065 790 1208 814 meum.

104 831 159 868 Et
189 831 355 869 amicum
379 844 448 882 ego
471 831 632 869 defendo
656 845 799 869 meum.
830 832 922 869 Non
941 832 1052 869 debes
1081 838 1209 868 tamen

103 897 337 936 quemquam
374 885 415 922 in
451 885 718 934 conjurationis
755 885 960 936 quaestione
995 884 1206 922 defendere.

105 938 233 975 Immo
255 950 367 976 nemo
395 939 518 988 magis
544 951 646 985 eum,
677 939 723 975 de
749 951 824 989 quo
843 938 938 975 nihil
957 951 994 976 es
996 946 1011 975 t
1036 949 1207 997 unquam

104 991 327 1042 suspicatus,
361 1005 478 1042 quam
507 991 552 1037 is,
586 992 653 1042 qui
677 992 724 1029 de
753 992 834 1028 aliis
864 992 986 1028 multa
1018 990 1206 1040 cogitavit.

105 1044 185 1082 Cur
203 1045 332 1082 dixisti
346 1045 606 1082 testimonium
621 1046 660 1082 in
673 1045 791 1083 alios?
821 1044 925 1091 Quia
937 1051 1096 1082 coactus.
1128 1043 1208 1081 Cur

104 1097 274 1135 damnati
303 1100 426 1136 sunt?
470 1097 575 1144 Quia
604 1099 788 1135 creditum
821 1106 887 1136 est.
918 1099 1098 1148 Regnum
1136 1104 1208 1144 est,

103 1150 225 1188 dicere
242 1151 283 1188 in
301 1164 417 1202 quem
436 1151 541 1199 velis,
568 1164 610 1189 ac
633 1151 830 1189 defendere
849 1164 963 1202 quem
991 1150 1094 1188 velis.
1125 1151 1207 1187 Im-

100 1215 168 1241 mo
187 1205 344 1242 servitus
363 1212 430 1251 est,
451 1217 528 1242 non
550 1205 671 1243 dicere
692 1206 732 1242 in
752 1218 866 1256 quern
892 1205 996 1251 velis,
1019 1216 1061 1241 ac
1079 1203 1208 1240 defen-

103 1257 190 1295 dere
217 1271 332 1309 quem
351 1258 455 1296 velis.
484 1259 560 1305 Ac,
580 1259 613 1296 si
635 1258 864 1296 considerare
883 1258 1050 1308 coeperis,
1077 1263 1207 1294 utrum

102 1311 224 1362 magis
255 1311 352 1349 mihi
369 1312 440 1349 hoc
469 1324 615 1350 necesse
633 1312 747 1349 fuerit
763 1312 897 1358 facere,
917 1323 967 1348 an
991 1310 1092 1348 istud
1110 1309 1205 1354 tibi;

103 1364 303 1415 intelliges,
336 1365 530 1403 honestius
562 1373 599 1403 te
627 1365 911 1403 inimicitiarum
943 1364 1101 1402 modum
1132 1371 1207 1401 sta-

103 1424 208 1455 tuere
226 1419 404 1469 potuisse,
426 1432 543 1470 quam
561 1431 624 1457 me
641 1419 900 1456 humanitatis.

155 1471 214 1509 At
236 1484 337 1519 vero,
357 1484 446 1509 cum
473 1473 592 1510 honos
617 1475 798 1523 agebatur
816 1471 1072 1522 amplissimus
1095 1469 1211 1507 fami-

102 1524 164 1562 h‘ae
182 1532 328 1572 vestrae,
347 1525 419 1564 hoc
443 1533 511 1573 est,
539 1527 755 1564 consulatus
778 1527 943 1577 parentis
969 1524 1039 1571 tui,
1060 1524 1208 1574 sapien-

103 1577 270 1616 tissimus
288 1579 346 1616 vir
364 1579 664 1617 familiarissimis
684 1580 760 1617 suis
778 1591 854 1616 non
874 1577 1084 1616 succensuit
1102 1585 1208 1627 pater

103 1636 206 1677 tuus,
227 1643 316 1669 cum
344 1632 492 1670 Sullam
518 1640 554 1670 et
579 1633 820 1671 defenderent
842 1640 878 1670 et
899 1631 1109 1669 laudarent.
1139 1631 1207 1668 In-

103 1684 310 1735 telligebat,
330 1685 428 1724 hanc
446 1687 554 1724 nobis
572 1699 595 1724 a
612 1686 820 1751 majoribus
839 1699 916 1723 esse
934 1684 1112 1722 traditam
1130 1683 1208 1721 dis-

100 1737 294 1788 ciplinam,
323 1747 368 1776 ut
392 1739 536 1777 nullius
557 1739 724 1777 amicitia
749 1740 797 1777 ad
827 1738 1083 1790 propulsanda
1109 1737 1208 1788 peli-

103 1790 190 1828 cula
216 1791 498 1842 impediremur.
538 1793 593 1831 Et
617 1800 696 1831 erat
713 1793 802 1831 huic
825 1791 967 1842 judicio
992 1792 1105 1840 longe
1129 1790 1207 1828 dis-

102 1844 236 1882 similis
263 1845 331 1882 1113
352 1846 550 1885 contentio.
580 1846 702 1894 Tum,
734 1846 872 1884 afflicto
901 1845 947 1882 P.
972 1843 1094 1891 Sulla,
1118 1856 1208 1881 con-

102 1897 247 1935 sulatus
274 1898 379 1936 vobis
406 1900 635 1950 pariebatur,
662 1900 771 1938 sicuti
794 1906 924 1951 partus
944 1906 1024 1936 est:
1054 1897 1207 1934 honoris

101 1957 181 1987 erat
208 1958 418 1990 certamen:
456 1961 628 2014 ereptum
657 1960 821 2004 repetere
850 1965 915 1990 vos
941 1949 1204 1995 clamitabatis,

102 2010 160 2050 ut,
192 2004 279 2041 victi
309 2005 348 2042 in
379 2006 540 2057 Campo,
570 2007 610 2043 in
640 2006 720 2044 foro
751 2006 956 2044 vinceretis.
986 2004 1107 2050 Tum,
1139 2001 1205 2053 qui

100 2064 230 2094 contra
258 2070 324 2096 vos
347 2072 416 2109 pro
439 2060 555 2109 hujus
578 2061 697 2098 salute
725 2061 960 2110 pugnabant,
990 2054 1205 2094 amicissimi

90 2110 226 2155 >vesti-i,
252 2111 391 2162 quibus
421 2125 496 2151 non
527 2112 800 2157 irascebamini,
834 2112 1071 2151 consulatum
1099 2107 1205 2146 vobis

90 2162 319 2248 eripiebant.
340 2165 473 2204 honori
492 2174 612 2204 vestro
632 2168 918 2217 repugnabant;
949 2172 985 2202 et
1005 2172 1129 2200 tamen
1149 2160 1202 2207 id,

153 2218 427 2262 ())·.αί)1οι,.
456 2231 522 2257 111.
907 2230 933 2253 α
