1425 2334
336 91 449 132 PRO
477 94 699 135 SEXTIO.
729 97 833 135 CAP.
854 99 918 137 30.
1097 103 1174 142 289

71 195 153 244 jam
171 203 295 247 posset
315 199 465 245 eluere3
495 202 598 251 quod
616 215 663 240 ex
681 204 792 242 malis
809 207 899 244 boni
917 216 1041 258 posset
1057 208 1098 246 in
1117 221 1175 248 re-

70 249 225 298 publica
250 250 459 301 provenire,
482 254 523 291 id
547 255 678 293 utilius
703 269 780 294 esse
804 271 870 308 per
892 273 930 298 se
954 264 1175 311 conservari,

70 313 186 351 quam
206 315 274 353 per
290 303 395 342 alios.
431 306 566 356 Atque
586 308 664 354 ille,
689 309 801 347 etiam
826 312 857 349 si
881 314 1113 365 aliquapiam
1139 318 1177 355 vi

69 355 320 404 expelleretur
338 357 412 395 illis
432 361 664 410 temporibus
679 374 725 399 ex
737 363 807 401 hac
826 367 932 413 urbe,
948 367 1057 406 facile
1074 377 1180 419 pate-

70 414 198 445 retur:
229 410 382 457 etenim,
406 412 473 462 qui
500 414 689 464 superiore
716 428 815 453 anno
836 427 967 456 senatu
987 422 1178 472 caruisset,

71 471 150 510 quo
168 461 199 498 si
218 469 301 500 tum
325 465 479 512 veniret,
502 478 565 504 me
583 474 711 505 tamen
730 470 872 508 socium
891 485 1047 511 suorum
1064 475 1105 512 in
1123 490 1181 515 re-

70 514 226 562 publica
252 517 493 556 consiliorum
521 520 646 558 videre
671 530 824 572 posset3
858 524 889 562 is
916 539 1026 577 aequo
1052 529 1181 568 animo

71 572 171 615 tum,
191 580 254 606 me
272 572 444 621 expulso,
465 580 515 619 et,
535 586 620 611 meo
638 576 804 623 nomine,
825 590 913 616 cum
933 581 1108 619 universo
1126 595 1183 621 se-

71 626 179 668 natu,
195 629 280 659 tum
299 626 483 663 sententia
502 627 570 664 su&
583 628 844 678 condemnata,
857 631 897 668 in
908 632 979 671 hac
997 636 1090 672 urbe
1102 648 1183 674 esse

72 674 227 722 posset?
256 675 330 714 Ille
348 690 435 716 vero
453 679 575 718 eidem
595 683 768 732 tempori,
793 685 854 722 cui
879 697 961 732 nos,
981 687 1102 726 eidem
1120 689 1182 727 fu-

73 726 162 772 rori,
183 728 323 767 eisdem
342 732 572 780 consulibus,
593 735 734 773 eisdem
751 737 879 785 minis,
899 739 1059 788 insidiis,
1082 743 1181 792 peri-

73 779 166 817 culis
181 782 299 820 cessit.
328 783 496 823 Luctum
512 799 580 825 nos
594 787 789 828 hausimus
801 793 997 843 majorem,
1011 794 1180 833 dolorem

71 831 136 870 ille
153 835 272 873 animi
289 848 366 874 non
384 839 582 878 minorem.

128 886 265 926 XXX.
296 889 372 928 His
397 891 444 930 de
462 899 516 931 tot
540 895 730 946 tantisque
758 898 907 947 injuriis
931 900 972 937 in
991 901 1120 949 socios,
1140 902 1181 940 in

76 950 193 989 reges,
214 941 253 979 in
271 942 406 983 liberas
425 945 605 995 civitates,
625 951 824 988 consulum
843 954 995 1002 querela
1015 967 1094 992 esse
1116 955 1181 993 de-

74 992 169 1031 buit.
208 994 258 1032 In
277 997 358 1044 ejus
376 999 615 1049 magistratus
648 1004 766 1041 tutela
784 1017 890 1055 reges
911 1013 1026 1057 atque
1044 1015 1181 1046 exterae

74 1045 242 1085 nationes
271 1060 421 1101 semper
441 1052 607 1091 fuerunt.
646 1055 792 1107 Ecquae
821 1071 894 1096 vox
924 1071 1096 1110 unquam
1126 1070 1183 1100 est

72 1098 203 1138 audita
221 1103 450 1143 consulum?
480 1105 728 1159 Quamquam
748 1110 833 1160 quis
851 1112 1010 1159 audiret,
1024 1114 1055 1151 si
1072 1127 1183 1152 max-

74 1150 150 1189 ime
168 1154 276 1204 queri
294 1157 431 1195 vellent
446 1160 463 1197 ?
492 1159 555 1197 De
569 1161 712 1212 Cyprio
729 1176 816 1214 rege
834 1174 1092 1215 quererentur,
1113 1169 1181 1219 qui

73 1216 137 1242 me
154 1207 288 1255 civem,
315 1210 422 1248 nullo
448 1224 534 1250 meo
561 1215 731 1263 crimine,
750 1218 882 1267 patriae
902 1220 1055 1258 nomine
1076 1222 1183 1260 labo-

74 1266 235 1308 rantem,
255 1273 331 1301 non
350 1265 464 1303 modo
488 1274 649 1306 stantem
672 1281 748 1307 non
773 1270 1030 1321 defenderant,
1050 1275 1115 1312 s'ed.
1133 1287 1182 1313 ne

71 1311 258 1360 jacentem
279 1316 433 1366 quidem
444 1327 684 1369 protexerant
699 1325 716 1361 ?
747 1323 957 1371 Cesseram,
971 1325 1002 1363 si
1017 1327 1180 1365 alienam

73 1377 96 1401 a
113 1378 176 1403 me
192 1368 343 1418 plebem
360 1370 476 1410 fuisse
489 1374 603 1412 vultis
616 1378 719 1425 (quae
737 1388 813 1414 non
830 1377 935 1426 fuit),
951 1379 1129 1426 invidiae;
1150 1382 1182 1419 si

75 1423 302 1459 commoveri
313 1425 442 1463 omnia
452 1426 689 1476 videbantur,
704 1431 864 1482 tempori
877 1445 889 1477 3
906 1433 937 1470 si
949 1433 1004 1471 vis
1015 1435 1180 1481 suberat,

75 1473 215 1520 armis3
246 1476 277 1513 si
300 1477 466 1527 societas,
493 1482 784 1532 magistratuum
807 1486 997 1536 pactioni3
1027 1486 1057 1525 si
1082 1488 1180 1538 peri-

72 1526 202 1565 culum
221 1528 374 1578 civium,
395 1533 623 1584 reipublicae.

130 1579 223 1630 Cur,
243 1594 331 1621 cum
349 1584 396 1623 de
417 1587 538 1637 capite
560 1588 650 1628 civis
670 1591 763 1633 (non
782 1591 947 1644 disputo,
967 1595 1180 1644 cujusmodi·

74 1632 198 1680 civis),
218 1642 254 1673 et
271 1636 319 1675 de
335 1638 458 1687 bonis,
477 1642 699 1694 proscriptio
716 1644 888 1695 ferretur,
901 1659 989 1684 cum
1008 1654 1044 1685 et
1061 1661 1182 1686 saera-

77 1686 125 1723 tis
142 1686 290 1737 legibus
311 1697 349 1728 et
370 1691 458 1731 XII
478 1694 640 1735 Tabulis
662 1698 850 1736 sancitum
872 1708 981 1748 esset,
996 1707 1040 1738 ut
1058 1713 1182 1752 neque

76 1739 318 1791 privilegium
329 1744 483 1796 irrogari
495 1748 634 1797 liceret,
647 1762 770 1802 neque
783 1751 830 1790 de
841 1753 975 1804 capite,
995 1754 1068 1791 nisi
1080 1767 1182 1792 com-

77 1792 153 1831 itiis
171 1796 400 1845 centuriatis,
427 1802 563 1851 rogari,
584 1804 692 1842 nulla
715 1817 790 1843 vox
808 1813 863 1843 est
885 1807 1015 1844 audita
1044 1820 1180 1845 consue

75 1845 188 1883 lum?
216 1850 536 1904 constitutumque
553 1863 609 1894 est
625 1856 692 1895 illo
709 1870 809 1896 anno
829 1861 1033 1910 (quantum
1048 1860 1086 1897 in
1106 1860 1182 1898 illis

77 1897 226 1938 duabus
244 1902 360 1951 hujus
378 1904 526 1957 imperii
548 1910 714 1959 pestibus
732 1910 837 1959 fuit),
863 1913 949 1961 jure
970 1926 1093 1964 posse,
1113 1927 1182 1964 per

76 1963 207 2002 operas
222 1956 435 2005 concitatas,
455 1963 627 2010 quemvis
645 1963 764 2002 civem
778 1966 1018 2013 nominatim,
1039 1966 1181 2005 tribuni

75 2005 196 2055 plebis
214 2010 382 2057 consilio,
402 2024 449 2049 ex
468 2013 615 2054 civitate
633 2019 824 2056 exturbari
835 2018 853 2054 ’ἓ

131 2059 232 2107 Quae
261 2075 348 2102 vero
379 2068 619 2119 promulgata
645 2071 712 2109 illo
740 2084 840 2109 anno
869 2071 1054 2110 fuerunt?
1097 2086 1184 2124 quae

78 2116 262 2160 promissa
296 2120 428 2158 multis
444 2123 462 2159 ἓ
503 2137 590 2174 quae
615 2124 823 2175 conscripta
837 2127 854 2162 Ρ
893 2138 979 2175 quae
1005 2133 1150 2176 sperata
1164 2128 1182 2164 ,⁹

77 2184 164 2225 quae
189 2173 378 2223 cogitata?
410 2174 516 2222 Quid
539 2178 661 2218 dicam
676 2181 694 2216 ?
725 2179 792 2229 qui
819 2179 922 2216 locus
949 2179 1048 2216 orbis
1077 2186 1183 2217 terrae

131 2228 281 2277 (Orus.)
305 2240 408 2268 VOL.
432 2239 501 2268 111.
897 2233 921 2268 2
944 2243 966 2269 C
