1435 2328
167 79 219 116 22
428 80 543 120 PRO
564 80 804 120 FLACCO.
835 80 944 120 CAP.
965 81 1031 119 22.

166 185 236 237 qui
253 197 455 239 nunquam
466 189 574 228 istius
587 189 835 240 impudentiae
847 189 968 227 cessit.
998 187 1103 227 Petit
1112 185 1289 227 Heracli-

165 240 232 277 des
251 253 274 277 a
292 241 336 279 C.
359 242 486 281 Plotio
501 252 684 290 senatore,
702 243 781 281 viro
795 242 989 294 primario,
1005 242 1072 294 qui
1089 241 1290 293 legatusin

166 293 265 332 Asia
283 294 419 344 fuerat,
440 297 631 349 mancipia
650 297 842 348 quaedam,
858 310 946 348 quae
960 309 1013 344 se,
1033 309 1120 335 cum
1139 295 1289 346 judica-

166 353 251 385 tum
272 356 379 396 esset,
400 363 468 401 per
486 351 564 389 vim
580 350 791 389 vendidisse
810 351 969 389 dicebat.
1012 350 1064 398 Q.
1086 351 1209 398 Naso,
1230 348 1290 388 vir

166 402 442 451 ornatissimus,
464 404 531 455 qui
544 412 682 455 praetor
701 405 839 451 fuerat,
857 404 979 454 judex
998 403 1188 449 sumitur3
1218 402 1289 454 qui

166 467 255 492 cum
265 458 488 495 sententiam
502 458 710 496 secundum
722 458 893 496 Plotium
907 472 945 496 se
957 458 1150 496 dicturum
1161 463 1287 495 osten-

167 507 284 557 deret,
306 512 354 548 ab
374 524 417 549 eo
433 512 562 560 judice
581 512 688 558 abiit,
704 519 754 559 et,
776 513 879 563 quod
895 511 1085 561 judicium
1104 512 1190 562 lege
1207 522 1287 548 non

166 569 258 610 erat,
280 576 432 602 causam
461 573 579 604 totam
607 566 772 617 reliquit.
814 566 962 604 Satisne
980 566 1100 614 vobis,
1121 564 1283 615 judices,

165 615 295 654 videor
313 618 361 656 ad
381 618 549 669 singulos
569 627 679 657 testes
704 619 891 668 accedere,
922 632 1061 670 neque,
1092 627 1137 656 ut
1158 618 1285 670 primo

164 671 447 721 constitueram,
469 673 736 711 tantummodo
755 687 843 711 cum
856 673 1030 712 universo
1041 685 1177 724 genere
1195 683 1286 711 con-

163 722 292 774 fligere
307 727 324 763 Ρ

220 778 345 816 Venio
365 779 413 817 ad
433 780 642 831 Lysaniam
663 781 833 830 ejusdem
853 780 1028 828 civitatis,
1052 779 1284 832 peculiarem

164 837 292 878 tuum,
325 833 508 880 Deciane,
540 842 674 872 testem
689 849 700 879 ;
731 847 848 886 quem
878 842 935 882 tu,
969 847 1058 873 cum
1092 834 1284 885 ephebum

165 885 308 923 Temni
328 890 539 937 cogn6sseS,
557 888 738 938 quoniam
759 896 795 926 te
813 888 940 926 nudus
952 887 1169 934 delectarat,
1183 900 1283 926 sem-

161 952 229 990 per
242 940 392 977 nudum
405 954 483 979 esse
497 941 660 979 voluisti.
689 942 902 980 Abduxisti
913 942 1066 980 Temno
1077 941 1284 992 Apolloni-

162 992 251 1030 dem
265 1008 275 1030 ε
306 995 508 1045 pecuniam
521 995 812 1044 adolescentum,
826 995 962 1047 grandi
975 995 1128 1044 foenore,
1141 994 1283 1033 fiducia

162 1053 289 1084 tamen
299 1049 465 1099 accepta,
476 1050 715 1100 occupavisti.
732 1050 772 1087 H
776 1062 846 1088 anc
854 1049 1032 1087 fiduciam
1042 1049 1284 1088 commissam

162 1100 233 1138 tibi
251 1101 367 1139 dicis:
399 1109 502 1140 tenes
521 1103 633 1141 hodie
652 1116 695 1141 ac
720 1103 897 1154 possides.
934 1103 1041 1141 Eum
1067 1109 1110 1140 tu
1128 1109 1280 1151 testem,

161 1167 227 1204 spe
245 1156 493 1206 recuperandi
510 1156 621 1194 fundi
635 1157 797 1208 paterni,
814 1157 940 1195 venire
954 1157 1003 1194 ad
1017 1156 1280 1195 testimonium

162 1208 368 1246 dicendum
387 1210 564 1260 coegisti:
596 1210 663 1261 qui
686 1211 868 1261 quoniam
894 1210 1155 1248 testimonium
1182 1221 1281 1248 non-

162 1261 258 1299 dum
277 1262 388 1310 dixit,
410 1263 595 1315 quidnam
610 1264 658 1302 sit
677 1264 860 1312 dicturus,
882 1271 1068 1316 exspecto.
1098 1263 1203 1302 Novi
1214 1276 1282 1314 ge-

163 1326 236 1353 nus
261 1316 479 1365 hominum,
500 1318 589 1356 novi
608 1318 934 1366 consuetudinem,
961 1318 1050 1356 novi
1067 1317 1279 1355 libidinem.

162 1368 316 1420 Itaque,
333 1371 402 1408 etsi
416 1379 539 1419 teneo,
557 1372 650 1423 quid
665 1371 713 1409 sit
724 1372 845 1410 dicere
859 1379 1027 1422 paratus,
1042 1371 1140 1409 nihil
1151 1379 1280 1409 tamen

161 1431 292 1461 contra
319 1424 522 1476 disputabo
551 1426 670 1476 prius,
703 1438 819 1476 quam
839 1426 1001 1464 dixerit:
1032 1433 1156 1464 totum
1176 1425 1280 1463 enim

162 1484 366 1525 convertet,
388 1485 504 1530 atque
522 1480 597 1517 alia
615 1480 743 1530 finget.
775 1480 1053 1527 Quamobrem,
1070 1487 1108 1518 et
1124 1479 1190 1517 ille
1204 1491 1281 1517 ser-

162 1537 238 1578 vet,
260 1531 363 1582 quod
381 1532 553 1583 paravit3
584 1540 621 1570 et
649 1546 719 1583 ego
737 1546 800 1571 me
819 1533 868 1571 ad
894 1533 947 1582 id,
972 1533 1077 1585 quod
1095 1532 1280 1583 attulerit,

160 1584 354 1635 integrum
374 1588 612 1625 conservabo.

217 1638 362 1677 XXII.
392 1639 519 1678 Venio
533 1652 636 1679 nunc
651 1641 699 1678 ad
711 1653 795 1678 eam
807 1640 1012 1689 civitatem,
1025 1640 1065 1678 in
1081 1654 1200 1692 quam
1212 1652 1282 1692 ego

163 1692 289 1729 multa
308 1700 344 1730 et
372 1706 514 1744 magna
545 1695 670 1733 studia
700 1702 736 1732 et
758 1694 881 1732 officia
905 1695 1076 1741 contuli;
1107 1702 1145 1733 et
1162 1707 1282 1746 quam

162 1756 272 1783 meus
291 1745 406 1784 frater
424 1748 464 1784 in
482 1748 616 1799 primis
631 1749 720 1786 colit
731 1755 845 1799 atque
860 1748 984 1799 diligit
1000 1763 1010 1786 z
1042 1762 1129 1799 quae
1147 1748 1179 1786 si
1192 1748 1283 1787 civi·

162 1805 220 1836 tas
238 1812 305 1850 per
317 1800 415 1838 viros
432 1803 551 1839 bonos
565 1815 773 1855 gravesque
784 1802 958 1839 homines
970 1803 1140 1853 querelas
1152 1802 1200 1840 ad
1215 1815 1281 1840 vos

162 1852 371 1901 detulisset,
391 1856 507 1905 paulo
522 1868 778 1894 commoverer
791 1855 925 1906 magis.
956 1856 1074 1894 Nunc
1086 1868 1174 1894 vero
1185 1856 1281 1907 quid

161 1909 327 1956 putem?
368 1908 584 1947 Trallianos
610 1909 825 1947 Maeandrio
853 1921 1006 1947 causam
1032 1909 1278 1957 commisisse,

162 1959 311 1998 homini
330 1963 467 2012 egenti,
489 1963 652 2012 sordido,
682 1964 761 2002 sine
788 1963 942 2010 honore,
975 1963 1055 2001 sine
1085 1963 1279 2001 existima-

159 2013 276 2062 tione,
293 2015 373 2052 sine
387 2028 500 2054 censu
516 2019 532 2055 ?
562 2018 643 2055 Ubi
657 2024 762 2055 erant
775 2017 833 2054 illi
847 2016 1070 2068 Pythodori,
1086 2016 1275 2065 AEffldeni,

159 2066 380 2118 Lepisones,
401 2071 525 2108 caeteri
543 2071 716 2109 homines
741 2071 845 2122 apud
864 2083 932 2108 nos
951 2070 1045 2118 noti,
1072 2071 1171 2108 inter
1189 2082 1277 2108 suos

157 2121 304 2160 nobiles
320 2125 338 2161 Ξ)
366 2123 434 2161 ubi
452 2123 520 2162 ina
532 2125 736 2175 magnifica
749 2132 786 2162 et
797 2123 959 2175 gloriosa
970 2123 1171 2162 ostentatio
1185 2123 1276 2162 civi-

156 2174 244 2214 tatis
254 2178 272 2214 ?
301 2176 442 2216 Nonne
460 2185 556 2217 esset
573 2179 768 2230 putidum,
788 2179 820 2217 si
838 2178 936 2217 hanc
952 2190 1103 2217 causam
1119 2184 1276 2229 agerent
