<?xml version="1.0" encoding="UTF-8"?>
<!DOCTYPE html PUBLIC "-//W3C//DTD XHTML 1.0 Transitional//EN"
    "http://www.w3.org/TR/xhtml1/DTD/xhtml1-transitional.dtd">
<html xmlns="http://www.w3.org/1999/xhtml" xml:lang="en" lang="en">
 <head>
  <title>
</title>
<meta http-equiv="Content-Type" content="text/html;charset=utf-8" />
  <meta name='ocr-system' content='tesseract 3.04.00' />
  <meta name='ocr-capabilities' content='ocr_page ocr_carea ocr_par ocr_line ocrx_word'/>
</head>
<body>
  <div class='ocr_page' id='page_1' title='image "./operaern07ciceuoft_0390.png"; bbox 0 0 1455 2343; ppageno 0'>
   <div class='ocr_carea' id='block_1_1' title="bbox 240 116 1089 159">
    <p class='ocr_par' dir='ltr' id='par_1_1' title="bbox 240 116 1089 159">
     <span class='ocr_line' id='line_1_1' title="bbox 240 116 1089 159; baseline 0.004 -7"><span class='ocrx_word' id='word_1_1' title='bbox 240 116 319 159; x_wconf 78' lang='lat'><strong>376</strong></span> <span class='ocrx_word' id='word_1_2' title='bbox 511 117 624 156; x_wconf 90' lang='lat' dir='ltr'><strong>PRO</strong></span> <span class='ocrx_word' id='word_1_3' title='bbox 654 117 858 157; x_wconf 82' lang='lat' dir='ltr'><strong>COELlO.</strong></span> <span class='ocrx_word' id='word_1_4' title='bbox 889 118 993 157; x_wconf 61' lang='lat' dir='ltr'><strong>CM».</strong></span> <span class='ocrx_word' id='word_1_5' title='bbox 1022 118 1089 157; x_wconf 77' lang='lat'><strong>32,</strong></span> 
     </span>
    </p>
   </div>
   <div class='ocr_carea' id='block_1_2' title="bbox 231 224 1354 1507">
    <p class='ocr_par' dir='ltr' id='par_1_2' title="bbox 231 224 1354 1507">
     <span class='ocr_line' id='line_1_2' title="bbox 239 224 1354 276; baseline 0.004 -17"><span class='ocrx_word' id='word_1_6' title='bbox 239 224 400 273; x_wconf 83' lang='lat' dir='ltr'><strong>conjuge</strong></span> <span class='ocrx_word' id='word_1_7' title='bbox 419 230 455 262; x_wconf 86' lang='lat' dir='ltr'><strong>et</strong></span> <span class='ocrx_word' id='word_1_8' title='bbox 473 224 601 271; x_wconf 86' lang='lat' dir='ltr'><strong>fratre,</strong></span> <span class='ocrx_word' id='word_1_9' title='bbox 622 225 886 276; x_wconf 86' lang='lat' dir='ltr'><strong>turpissimum</strong></span> <span class='ocrx_word' id='word_1_10' title='bbox 906 227 1091 264; x_wconf 84' lang='lat' dir='ltr'><strong>latronem</strong></span> <span class='ocrx_word' id='word_1_11' title='bbox 1110 225 1303 276; x_wconf 77' lang='lat' dir='ltr'>eripuisse,</span> <span class='ocrx_word' id='word_1_12' title='bbox 1317 231 1354 263; x_wconf 86' lang='lat' dir='ltr'><strong>ct</strong></span> 
     </span>
     <span class='ocr_line' id='line_1_3' title="bbox 239 276 1298 331; baseline 0.002 -18"><span class='ocrx_word' id='word_1_13' title='bbox 239 276 547 315; x_wconf 87' lang='lat' dir='ltr'><strong>honestissimum</strong></span> <span class='ocrx_word' id='word_1_14' title='bbox 565 277 838 317; x_wconf 87' lang='lat' dir='ltr'><strong>adolescentem</strong></span> <span class='ocrx_word' id='word_1_15' title='bbox 857 280 1096 331; x_wconf 77' lang='lat' dir='ltr'><strong>oppressisse,</strong></span> <span class='ocrx_word' id='word_1_16' title='bbox 1116 278 1298 317; x_wconf 84' lang='lat' dir='ltr'><strong>videatur.</strong></span> 
     </span>
     <span class='ocr_line' id='line_1_4' title="bbox 293 329 1353 384; baseline 0.001 -16"><span class='ocrx_word' id='word_1_17' title='bbox 293 329 410 377; x_wconf 87' lang='lat' dir='ltr'><strong>Quod</strong></span> <span class='ocrx_word' id='word_1_18' title='bbox 430 343 519 369; x_wconf 86' lang='lat' dir='ltr'><strong>cum</strong></span> <span class='ocrx_word' id='word_1_19' title='bbox 537 332 654 381; x_wconf 87' lang='lat' dir='ltr'><strong>hujus</strong></span> <span class='ocrx_word' id='word_1_20' title='bbox 674 333 779 370; x_wconf 91' lang='lat' dir='ltr'><strong>vobis</strong></span> <span class='ocrx_word' id='word_1_21' title='bbox 797 333 1086 371; x_wconf 86' lang='lat' dir='ltr'><strong>adolescentiam</strong></span> <span class='ocrx_word' id='word_1_22' title='bbox 1113 332 1353 384; x_wconf 88' lang='lat' dir='ltr'><strong>proposueri-</strong></span> 
     </span>
     <span class='ocr_line' id='line_1_5' title="bbox 238 383 1352 434; baseline 0.002 -14"><span class='ocrx_word' id='word_1_23' title='bbox 238 383 301 429; x_wconf 87' lang='lat' dir='ltr'><strong>tis,</strong></span> <span class='ocrx_word' id='word_1_24' title='bbox 321 384 577 423; x_wconf 84' lang='lat' dir='ltr'><strong>constituitote</strong></span> <span class='ocrx_word' id='word_1_25' title='bbox 589 386 694 424; x_wconf 84' lang='lat' dir='ltr'><strong>vobis</strong></span> <span class='ocrx_word' id='word_1_26' title='bbox 708 393 795 423; x_wconf 88' lang='lat' dir='ltr'><strong>ante</strong></span> <span class='ocrx_word' id='word_1_27' title='bbox 809 387 937 424; x_wconf 88' lang='lat' dir='ltr'><strong>oculos</strong></span> <span class='ocrx_word' id='word_1_28' title='bbox 956 386 1070 424; x_wconf 86' lang='lat' dir='ltr'><strong>etiam</strong></span> <span class='ocrx_word' id='word_1_29' title='bbox 1088 386 1206 434; x_wconf 93' lang='lat' dir='ltr'><strong>hujus</strong></span> <span class='ocrx_word' id='word_1_30' title='bbox 1224 384 1352 422; x_wconf 85' lang='lat' dir='ltr'><strong>miseri</strong></span> 
     </span>
     <span class='ocr_line' id='line_1_6' title="bbox 237 438 1351 489; baseline 0.001 -15"><span class='ocrx_word' id='word_1_31' title='bbox 237 444 483 485; x_wconf 82' lang='lat' dir='ltr'><strong>senectutem,</strong></span> <span class='ocrx_word' id='word_1_32' title='bbox 513 438 581 489; x_wconf 92' lang='lat' dir='ltr'><strong>qui</strong></span> <span class='ocrx_word' id='word_1_33' title='bbox 598 438 670 476; x_wconf 90' lang='lat' dir='ltr'><strong>hoc</strong></span> <span class='ocrx_word' id='word_1_34' title='bbox 689 439 801 476; x_wconf 84' lang='lat' dir='ltr'><strong>unico</strong></span> <span class='ocrx_word' id='word_1_35' title='bbox 820 439 899 477; x_wconf 82' lang='lat' dir='ltr'><strong>filio</strong></span> <span class='ocrx_word' id='word_1_36' title='bbox 918 440 1066 485; x_wconf 82' lang='lat' dir='ltr'><strong>nititur,</strong></span> <span class='ocrx_word' id='word_1_37' title='bbox 1090 440 1130 476; x_wconf 88' lang='lat' dir='ltr'><strong>in</strong></span> <span class='ocrx_word' id='word_1_38' title='bbox 1148 439 1266 487; x_wconf 92' lang='lat' dir='ltr'><strong>hujus</strong></span> <span class='ocrx_word' id='word_1_39' title='bbox 1285 451 1351 488; x_wconf 87' lang='lat' dir='ltr'><strong>spe</strong></span> 
     </span>
     <span class='ocr_line' id='line_1_7' title="bbox 237 490 1351 543; baseline 0.002 -16"><span class='ocrx_word' id='word_1_40' title='bbox 237 490 451 541; x_wconf 80' lang='lat' dir='ltr'><strong>requiescit,</strong></span> <span class='ocrx_word' id='word_1_41' title='bbox 471 492 587 541; x_wconf 87' lang='lat' dir='ltr'><strong>hujus</strong></span> <span class='ocrx_word' id='word_1_42' title='bbox 601 492 716 529; x_wconf 80' lang='lat' dir='ltr'><strong>unius</strong></span> <span class='ocrx_word' id='word_1_43' title='bbox 731 505 860 530; x_wconf 86' lang='lat' dir='ltr'><strong>casum</strong></span> <span class='ocrx_word' id='word_1_44' title='bbox 875 492 1104 543; x_wconf 80' lang='lat' dir='ltr'><strong>pertimescit</strong></span> <span class='ocrx_word' id='word_1_45' title='bbox 1120 507 1130 530; x_wconf 73' lang='grc' dir='ltr'><strong><em>ε</em></strong></span> <span class='ocrx_word' id='word_1_46' title='bbox 1153 504 1269 543; x_wconf 88' lang='lat' dir='ltr'><strong>quem</strong></span> <span class='ocrx_word' id='word_1_47' title='bbox 1283 504 1351 529; x_wconf 89' lang='lat' dir='ltr'><strong>vos</strong></span> 
     </span>
     <span class='ocr_line' id='line_1_8' title="bbox 236 544 1353 596; baseline 0 -14"><span class='ocrx_word' id='word_1_48' title='bbox 236 544 448 595; x_wconf 85' lang='lat' dir='ltr'><strong>supplicem</strong></span> <span class='ocrx_word' id='word_1_49' title='bbox 463 552 594 583; x_wconf 84' lang='lat' dir='ltr'><strong>vestrae</strong></span> <span class='ocrx_word' id='word_1_50' title='bbox 605 545 882 593; x_wconf 75' lang='lat' dir='ltr'><strong>misericordjae,</strong></span> <span class='ocrx_word' id='word_1_51' title='bbox 899 558 1048 583; x_wconf 88' lang='lat' dir='ltr'><strong>servum</strong></span> <span class='ocrx_word' id='word_1_52' title='bbox 1062 545 1268 596; x_wconf 88' lang='lat' dir='ltr'><strong>potestatis,</strong></span> <span class='ocrx_word' id='word_1_53' title='bbox 1285 546 1353 582; x_wconf 85' lang='lat' dir='ltr'><strong>ab·</strong></span> 
     </span>
     <span class='ocr_line' id='line_1_9' title="bbox 232 598 1351 650; baseline 0 -15"><span class='ocrx_word' id='word_1_54' title='bbox 232 598 380 646; x_wconf 87' lang='lat' dir='ltr'><strong>jectum</strong></span> <span class='ocrx_word' id='word_1_55' title='bbox 400 610 476 636; x_wconf 91' lang='lat' dir='ltr'><strong>non</strong></span> <span class='ocrx_word' id='word_1_56' title='bbox 495 606 576 636; x_wconf 86' lang='lat' dir='ltr'><strong>tam</strong></span> <span class='ocrx_word' id='word_1_57' title='bbox 595 599 644 635; x_wconf 87' lang='lat' dir='ltr'><strong>ad</strong></span> <span class='ocrx_word' id='word_1_58' title='bbox 662 598 776 649; x_wconf 88' lang='lat' dir='ltr'><strong>pedes</strong></span> <span class='ocrx_word' id='word_1_59' title='bbox 795 611 913 650; x_wconf 89' lang='lat' dir='ltr'><strong>quam</strong></span> <span class='ocrx_word' id='word_1_60' title='bbox 935 599 986 637; x_wconf 91' lang='lat' dir='ltr'><strong>ad</strong></span> <span class='ocrx_word' id='word_1_61' title='bbox 1002 611 1126 637; x_wconf 87' lang='lat' dir='ltr'><strong>mores</strong></span> <span class='ocrx_word' id='word_1_62' title='bbox 1145 611 1351 648; x_wconf 84' lang='lat' dir='ltr'><strong>sensusque</strong></span> 
     </span>
     <span class='ocr_line' id='line_1_10' title="bbox 236 651 1354 703; baseline 0 -15"><span class='ocrx_word' id='word_1_63' title='bbox 236 658 392 699; x_wconf 84' lang='lat' dir='ltr'><strong>vestros,</strong></span> <span class='ocrx_word' id='word_1_64' title='bbox 413 652 474 690; x_wconf 91' lang='lat' dir='ltr'><strong>vel</strong></span> <span class='ocrx_word' id='word_1_65' title='bbox 492 651 747 690; x_wconf 87' lang='lat' dir='ltr'><strong>recordatione</strong></span> <span class='ocrx_word' id='word_1_66' title='bbox 764 655 967 703; x_wconf 69' lang='lat' dir='ltr'><strong>parentum</strong></span> <span class='ocrx_word' id='word_1_67' title='bbox 984 660 1209 698; x_wconf 88' lang='lat' dir='ltr'><strong>vestrorum,</strong></span> <span class='ocrx_word' id='word_1_68' title='bbox 1229 652 1289 689; x_wconf 93' lang='lat' dir='ltr'><strong>vel</strong></span> <span class='ocrx_word' id='word_1_69' title='bbox 1306 651 1354 688; x_wconf 91' lang='lat' dir='ltr'><strong>li-</strong></span> 
     </span>
     <span class='ocr_line' id='line_1_11' title="bbox 236 704 1350 756; baseline 0.001 -15"><span class='ocrx_word' id='word_1_70' title='bbox 236 706 414 742; x_wconf 86' lang='lat' dir='ltr'><strong>berorum</strong></span> <span class='ocrx_word' id='word_1_71' title='bbox 443 705 696 754; x_wconf 77' lang='lat' dir='ltr'><strong>jucunditate,</strong></span> <span class='ocrx_word' id='word_1_72' title='bbox 731 712 962 751; x_wconf 80' lang='lat' dir='ltr'><strong>sustentate3</strong></span> <span class='ocrx_word' id='word_1_73' title='bbox 992 714 1050 753; x_wconf 88' lang='lat' dir='ltr'><strong>ut,</strong></span> <span class='ocrx_word' id='word_1_74' title='bbox 1080 706 1121 743; x_wconf 88' lang='lat' dir='ltr'><strong>in</strong></span> <span class='ocrx_word' id='word_1_75' title='bbox 1153 704 1350 756; x_wconf 85' lang='lat' dir='ltr'><strong>[alterius]</strong></span> 
     </span>
     <span class='ocr_line' id='line_1_12' title="bbox 235 757 1350 810; baseline 0.001 -16"><span class='ocrx_word' id='word_1_76' title='bbox 235 757 376 805; x_wconf 85' lang='lat' dir='ltr'><strong>dolore,</strong></span> <span class='ocrx_word' id='word_1_77' title='bbox 406 759 467 796; x_wconf 93' lang='lat' dir='ltr'><strong>vel</strong></span> <span class='ocrx_word' id='word_1_78' title='bbox 493 759 625 809; x_wconf 83' lang='lat' dir='ltr'><strong>pietati</strong></span> <span class='ocrx_word' id='word_1_79' title='bbox 649 759 711 797; x_wconf 93' lang='lat' dir='ltr'><strong>vel</strong></span> <span class='ocrx_word' id='word_1_80' title='bbox 734 759 982 810; x_wconf 86' lang='lat' dir='ltr'><strong>indulgentiae</strong></span> <span class='ocrx_word' id='word_1_81' title='bbox 1011 766 1144 797; x_wconf 83' lang='lat' dir='ltr'><strong>vestrae</strong></span> <span class='ocrx_word' id='word_1_82' title='bbox 1168 758 1350 797; x_wconf 84' lang='lat' dir='ltr'><strong>serviatis.</strong></span> 
     </span>
     <span class='ocr_line' id='line_1_13' title="bbox 238 811 1352 864; baseline 0.001 -16"><span class='ocrx_word' id='word_1_83' title='bbox 238 811 383 858; x_wconf 82' lang='lat' dir='ltr'><strong>Nolite,</strong></span> <span class='ocrx_word' id='word_1_84' title='bbox 401 812 560 861; x_wconf 87' lang='lat' dir='ltr'><strong>judices,</strong></span> <span class='ocrx_word' id='word_1_85' title='bbox 582 819 649 850; x_wconf 89' lang='lat' dir='ltr'><strong>aut</strong></span> <span class='ocrx_word' id='word_1_86' title='bbox 668 812 786 860; x_wconf 85' lang='lat' dir='ltr'><strong>hunc,</strong></span> <span class='ocrx_word' id='word_1_87' title='bbox 814 814 896 862; x_wconf 88' lang='lat' dir='ltr'><strong>jam</strong></span> <span class='ocrx_word' id='word_1_88' title='bbox 924 814 1062 851; x_wconf 58' lang='lat' dir='ltr'><strong>natura</strong></span> <span class='ocrx_word' id='word_1_89' title='bbox 1079 813 1163 864; x_wconf 54' lang='lat' dir='ltr'><strong>ipsa</strong></span> <span class='ocrx_word' id='word_1_90' title='bbox 1180 812 1352 850; x_wconf 88' lang='lat' dir='ltr'><strong>occiden-</strong></span> 
     </span>
     <span class='ocr_line' id='line_1_14' title="bbox 236 866 1350 917; baseline 0.002 -16"><span class='ocrx_word' id='word_1_91' title='bbox 236 875 328 912; x_wconf 83' lang='lat' dir='ltr'><strong>tem,</strong></span> <span class='ocrx_word' id='word_1_92' title='bbox 355 866 452 903; x_wconf 92' lang='lat' dir='ltr'><strong>velle</strong></span> <span class='ocrx_word' id='word_1_93' title='bbox 479 867 667 904; x_wconf 85' lang='lat' dir='ltr'><strong>maturius</strong></span> <span class='ocrx_word' id='word_1_94' title='bbox 695 866 887 916; x_wconf 83' lang='lat' dir='ltr'><strong>exstingui</strong></span> <span class='ocrx_word' id='word_1_95' title='bbox 907 867 1064 904; x_wconf 88' lang='lat' dir='ltr'><strong>vulnere</strong></span> <span class='ocrx_word' id='word_1_96' title='bbox 1081 874 1204 905; x_wconf 89' lang='lat' dir='ltr'><strong>vestro</strong></span> <span class='ocrx_word' id='word_1_97' title='bbox 1233 878 1350 917; x_wconf 82' lang='lat' dir='ltr'><strong>quam</strong></span> 
     </span>
     <span class='ocr_line' id='line_1_15' title="bbox 235 918 1348 972; baseline 0 -16"><span class='ocrx_word' id='word_1_98' title='bbox 235 931 304 956; x_wconf 88' lang='lat' dir='ltr'><strong>suo</strong></span> <span class='ocrx_word' id='word_1_99' title='bbox 322 918 425 965; x_wconf 79' lang='lat' dir='ltr'><strong>fat03</strong></span> <span class='ocrx_word' id='word_1_100' title='bbox 456 926 523 957; x_wconf 79' lang='lat' dir='ltr'><strong>aut</strong></span> <span class='ocrx_word' id='word_1_101' title='bbox 540 919 656 965; x_wconf 87' lang='lat' dir='ltr'><strong>hunc,</strong></span> <span class='ocrx_word' id='word_1_102' title='bbox 677 932 780 958; x_wconf 90' lang='lat' dir='ltr'><strong>nunc</strong></span> <span class='ocrx_word' id='word_1_103' title='bbox 797 920 968 972; x_wconf 83' lang='lat' dir='ltr'><strong>primum</strong></span> <span class='ocrx_word' id='word_1_104' title='bbox 991 920 1262 964; x_wconf 89' lang='lat' dir='ltr'><strong>florescentem,</strong></span> <span class='ocrx_word' id='word_1_105' title='bbox 1283 919 1348 956; x_wconf 90' lang='lat' dir='ltr'><strong>fir-</strong></span> 
     </span>
     <span class='ocr_line' id='line_1_16' title="bbox 237 972 1350 1025; baseline 0.001 -16"><span class='ocrx_word' id='word_1_106' title='bbox 237 972 344 1010; x_wconf 63' lang='lat' dir='ltr'><strong>mata</strong></span> <span class='ocrx_word' id='word_1_107' title='bbox 373 974 456 1022; x_wconf 88' lang='lat' dir='ltr'><strong>jam</strong></span> <span class='ocrx_word' id='word_1_108' title='bbox 479 973 595 1024; x_wconf 88' lang='lat' dir='ltr'><strong>stirpe</strong></span> <span class='ocrx_word' id='word_1_109' title='bbox 617 974 782 1023; x_wconf 88' lang='lat' dir='ltr'><strong>virtutis,</strong></span> <span class='ocrx_word' id='word_1_110' title='bbox 813 981 1013 1025; x_wconf 83' lang='lat' dir='ltr'><strong>tamquam</strong></span> <span class='ocrx_word' id='word_1_111' title='bbox 1042 974 1192 1011; x_wconf 88' lang='lat' dir='ltr'><strong>turbine</strong></span> <span class='ocrx_word' id='word_1_112' title='bbox 1221 972 1350 1023; x_wconf 86' lang='lat' dir='ltr'><strong>aliquo</strong></span> 
     </span>
     <span class='ocr_line' id='line_1_17' title="bbox 235 1026 1347 1078; baseline 0.001 -16"><span class='ocrx_word' id='word_1_113' title='bbox 235 1033 302 1063; x_wconf 78' lang='lat' dir='ltr'><strong>aut</strong></span> <span class='ocrx_word' id='word_1_114' title='bbox 321 1026 447 1064; x_wconf 63' lang='lat' dir='ltr'><strong>subita</strong></span> <span class='ocrx_word' id='word_1_115' title='bbox 457 1033 692 1078; x_wconf 76' lang='lat' dir='ltr'><strong>tempestate,</strong></span> <span class='ocrx_word' id='word_1_116' title='bbox 708 1036 930 1078; x_wconf 87' lang='lat' dir='ltr'><strong>pervertere.</strong></span> <span class='ocrx_word' id='word_1_117' title='bbox 960 1027 1186 1066; x_wconf 85' lang='lat' dir='ltr'><strong>Conservate</strong></span> <span class='ocrx_word' id='word_1_118' title='bbox 1199 1026 1347 1077; x_wconf 85' lang='lat' dir='ltr'><strong>parenti</strong></span> 
     </span>
     <span class='ocr_line' id='line_1_18' title="bbox 234 1079 1347 1131; baseline 0.001 -15"><span class='ocrx_word' id='word_1_119' title='bbox 234 1079 372 1127; x_wconf 83' lang='lat' dir='ltr'><strong>filium,</strong></span> <span class='ocrx_word' id='word_1_120' title='bbox 391 1091 589 1131; x_wconf 82' lang='lat' dir='ltr'><strong>parentem</strong></span> <span class='ocrx_word' id='word_1_121' title='bbox 608 1081 686 1118; x_wconf 89' lang='lat' dir='ltr'><strong>filio</strong></span> <span class='ocrx_word' id='word_1_122' title='bbox 701 1095 713 1126; x_wconf 79' lang='lat'><em>3</em></span> <span class='ocrx_word' id='word_1_123' title='bbox 743 1094 792 1120; x_wconf 91' lang='lat' dir='ltr'><strong>ne</strong></span> <span class='ocrx_word' id='word_1_124' title='bbox 806 1088 873 1119; x_wconf 84' lang='lat' dir='ltr'><strong>aut</strong></span> <span class='ocrx_word' id='word_1_125' title='bbox 887 1088 1116 1119; x_wconf 85' lang='lat' dir='ltr'><strong>senectutem</strong></span> <span class='ocrx_word' id='word_1_126' title='bbox 1132 1082 1214 1130; x_wconf 88' lang='lat' dir='ltr'><strong>jam</strong></span> <span class='ocrx_word' id='word_1_127' title='bbox 1228 1092 1347 1130; x_wconf 87' lang='lat' dir='ltr'><strong>prope</strong></span> 
     </span>
     <span class='ocr_line' id='line_1_19' title="bbox 233 1132 1348 1184; baseline 0 -14"><span class='ocrx_word' id='word_1_128' title='bbox 233 1132 468 1183; x_wconf 82' lang='lat' dir='ltr'><strong>desperatam</strong></span> <span class='ocrx_word' id='word_1_129' title='bbox 498 1135 752 1181; x_wconf 79' lang='lat' dir='ltr'><strong>contemsisse,</strong></span> <span class='ocrx_word' id='word_1_130' title='bbox 784 1142 851 1173; x_wconf 86' lang='lat' dir='ltr'><strong>aut</strong></span> <span class='ocrx_word' id='word_1_131' title='bbox 880 1134 1169 1173; x_wconf 83' lang='lat' dir='ltr'><strong>adolescentiam</strong></span> <span class='ocrx_word' id='word_1_132' title='bbox 1192 1134 1348 1184; x_wconf 87' lang='lat' dir='ltr'><strong>plenam</strong></span> 
     </span>
     <span class='ocr_line' id='line_1_20' title="bbox 235 1186 1348 1237; baseline 0.001 -14"><span class='ocrx_word' id='word_1_133' title='bbox 235 1187 315 1237; x_wconf 84' lang='lat' dir='ltr'><strong>spei</strong></span> <span class='ocrx_word' id='word_1_134' title='bbox 333 1188 529 1235; x_wconf 82' lang='lat' dir='ltr'><strong>maximae,</strong></span> <span class='ocrx_word' id='word_1_135' title='bbox 549 1200 625 1226; x_wconf 89' lang='lat' dir='ltr'><strong>non</strong></span> <span class='ocrx_word' id='word_1_136' title='bbox 645 1188 758 1226; x_wconf 87' lang='lat' dir='ltr'><strong>modo</strong></span> <span class='ocrx_word' id='word_1_137' title='bbox 786 1201 862 1226; x_wconf 91' lang='lat' dir='ltr'><strong>non</strong></span> <span class='ocrx_word' id='word_1_138' title='bbox 881 1188 1019 1226; x_wconf 81' lang='lat' dir='ltr'><strong>aluisse</strong></span> <span class='ocrx_word' id='word_1_139' title='bbox 1044 1201 1124 1235; x_wconf 82' lang='lat' dir='ltr'><strong>VOS,</strong></span> <span class='ocrx_word' id='word_1_140' title='bbox 1149 1187 1214 1225; x_wconf 87' lang='lat' dir='ltr'><strong>sed</strong></span> <span class='ocrx_word' id='word_1_141' title='bbox 1233 1186 1348 1225; x_wconf 85' lang='lat' dir='ltr'><strong>etiam</strong></span> 
     </span>
     <span class='ocr_line' id='line_1_21' title="bbox 231 1240 1347 1292; baseline 0.002 -16"><span class='ocrx_word' id='word_1_142' title='bbox 231 1240 434 1289; x_wconf 85' lang='lat' dir='ltr'><strong>perculisse</strong></span> <span class='ocrx_word' id='word_1_143' title='bbox 455 1249 570 1292; x_wconf 88' lang='lat' dir='ltr'><strong>atque</strong></span> <span class='ocrx_word' id='word_1_144' title='bbox 588 1241 781 1290; x_wconf 75' lang='lat' dir='ltr'><strong>afflixisse,</strong></span> <span class='ocrx_word' id='word_1_145' title='bbox 794 1242 1011 1280; x_wconf 83' lang='lat' dir='ltr'><strong>videamini.</strong></span> <span class='ocrx_word' id='word_1_146' title='bbox 1041 1242 1170 1289; x_wconf 80' lang='lat' dir='ltr'><strong>Quem</strong></span> <span class='ocrx_word' id='word_1_147' title='bbox 1182 1241 1214 1279; x_wconf 92' lang='lat' dir='ltr'><strong>si</strong></span> <span class='ocrx_word' id='word_1_148' title='bbox 1225 1240 1347 1288; x_wconf 77' lang='lat' dir='ltr'><strong>vobis,</strong></span> 
     </span>
     <span class='ocr_line' id='line_1_22' title="bbox 234 1293 1342 1345; baseline 0.002 -16"><span class='ocrx_word' id='word_1_149' title='bbox 234 1293 266 1329; x_wconf 82' lang='lat' dir='ltr'><strong>si</strong></span> <span class='ocrx_word' id='word_1_150' title='bbox 279 1294 368 1340; x_wconf 85' lang='lat' dir='ltr'><strong>suis,</strong></span> <span class='ocrx_word' id='word_1_151' title='bbox 383 1294 414 1331; x_wconf 90' lang='lat' dir='ltr'><strong>si</strong></span> <span class='ocrx_word' id='word_1_152' title='bbox 432 1295 664 1345; x_wconf 70' lang='lat' dir='ltr'><strong>reipublicae,</strong></span> <span class='ocrx_word' id='word_1_153' title='bbox 678 1295 915 1343; x_wconf 88' lang='lat' dir='ltr'><strong>conservatis,</strong></span> <span class='ocrx_word' id='word_1_154' title='bbox 931 1295 1141 1339; x_wconf 82' lang='lat' dir='ltr'><strong>addictum,</strong></span> <span class='ocrx_word' id='word_1_155' title='bbox 1156 1293 1342 1340; x_wconf 87' lang='lat' dir='ltr'><strong>deditum,</strong></span> 
     </span>
     <span class='ocr_line' id='line_1_23' title="bbox 234 1347 1344 1387; baseline 0.001 -4"><span class='ocrx_word' id='word_1_156' title='bbox 234 1347 456 1384; x_wconf 86' lang='lat' dir='ltr'><strong>obstrictum</strong></span> <span class='ocrx_word' id='word_1_157' title='bbox 476 1349 582 1386; x_wconf 86' lang='lat' dir='ltr'><strong>vobis</strong></span> <span class='ocrx_word' id='word_1_158' title='bbox 611 1362 654 1386; x_wconf 83' lang='lat' dir='ltr'><strong>ac</strong></span> <span class='ocrx_word' id='word_1_159' title='bbox 681 1349 808 1387; x_wconf 83' lang='lat' dir='ltr'><strong>liberis</strong></span> <span class='ocrx_word' id='word_1_160' title='bbox 827 1349 957 1387; x_wconf 88' lang='lat' dir='ltr'><strong>vestris</strong></span> <span class='ocrx_word' id='word_1_161' title='bbox 980 1348 1190 1386; x_wconf 86' lang='lat' dir='ltr'><strong>habebitis:</strong></span> <span class='ocrx_word' id='word_1_162' title='bbox 1220 1347 1344 1384; x_wconf 84' lang='lat' dir='ltr'><strong>omni-</strong></span> 
     </span>
     <span class='ocr_line' id='line_1_24' title="bbox 236 1400 1341 1452; baseline 0.002 -16"><span class='ocrx_word' id='word_1_163' title='bbox 236 1412 379 1450; x_wconf 85' lang='lat' dir='ltr'><strong>umque</strong></span> <span class='ocrx_word' id='word_1_164' title='bbox 398 1400 514 1449; x_wconf 79' lang='lat' dir='ltr'><strong>hujus</strong></span> <span class='ocrx_word' id='word_1_165' title='bbox 532 1414 734 1444; x_wconf 84' lang='lat' dir='ltr'><strong>nervorum</strong></span> <span class='ocrx_word' id='word_1_166' title='bbox 754 1416 797 1440; x_wconf 87' lang='lat' dir='ltr'><strong>ac</strong></span> <span class='ocrx_word' id='word_1_167' title='bbox 815 1402 991 1440; x_wconf 86' lang='lat' dir='ltr'><strong>laborum</strong></span> <span class='ocrx_word' id='word_1_168' title='bbox 1004 1415 1069 1440; x_wconf 87' lang='lat' dir='ltr'><strong>vos</strong></span> <span class='ocrx_word' id='word_1_169' title='bbox 1087 1400 1341 1452; x_wconf 84' lang='lat' dir='ltr'><strong>potissimum,</strong></span> 
     </span>
     <span class='ocr_line' id='line_1_25' title="bbox 231 1453 1182 1507; baseline 0.002 -17"><span class='ocrx_word' id='word_1_170' title='bbox 231 1453 392 1503; x_wconf 82' lang='lat' dir='ltr'><strong>judices,</strong></span> <span class='ocrx_word' id='word_1_171' title='bbox 412 1454 557 1493; x_wconf 87' lang='lat' dir='ltr'><strong>fructus</strong></span> <span class='ocrx_word' id='word_1_172' title='bbox 576 1456 708 1493; x_wconf 88' lang='lat' dir='ltr'><strong>uberes</strong></span> <span class='ocrx_word' id='word_1_173' title='bbox 726 1455 1001 1507; x_wconf 88' lang='lat' dir='ltr'><strong>diuturnosque</strong></span> <span class='ocrx_word' id='word_1_174' title='bbox 1018 1454 1182 1506; x_wconf 86' lang='lat' dir='ltr'><strong>capietis.</strong></span> 
     </span>
    </p>
   </div>
  </div>
 </body>
</html>
