<?xml version="1.0" encoding="UTF-8"?>
<!DOCTYPE html PUBLIC "-//W3C//DTD XHTML 1.0 Transitional//EN"
    "http://www.w3.org/TR/xhtml1/DTD/xhtml1-transitional.dtd">
<html xmlns="http://www.w3.org/1999/xhtml" xml:lang="en" lang="en">
 <head>
  <title>
</title>
<meta http-equiv="Content-Type" content="text/html;charset=utf-8" />
  <meta name='ocr-system' content='tesseract 3.04.00' />
  <meta name='ocr-capabilities' content='ocr_page ocr_carea ocr_par ocr_line ocrx_word'/>
</head>
<body>
  <div class='ocr_page' id='page_1' title='image "./operaern07ciceuoft_0163.png"; bbox 0 0 1425 2334; ppageno 0'>
   <div class='ocr_carea' id='block_1_1' title="bbox 296 70 1178 112">
    <p class='ocr_par' dir='ltr' id='par_1_1' title="bbox 296 70 1178 112">
     <span class='ocr_line' id='line_1_1' title="bbox 296 70 1178 112; baseline -0.005 -2"><span class='ocrx_word' id='word_1_1' title='bbox 296 72 409 112; x_wconf 85' lang='lat' dir='ltr'>PRO</span> <span class='ocrx_word' id='word_1_2' title='bbox 437 71 607 111; x_wconf 89' lang='lat' dir='ltr'><strong>DOMO</strong></span> <span class='ocrx_word' id='word_1_3' title='bbox 636 72 756 111; x_wconf 88' lang='lat' dir='ltr'><strong>SUA.</strong></span> <span class='ocrx_word' id='word_1_4' title='bbox 787 71 889 110; x_wconf 65' lang='lat' dir='ltr'>Cn».</span> <span class='ocrx_word' id='word_1_5' title='bbox 911 72 974 107; x_wconf 76' lang='lat'>23.</span> <span class='ocrx_word' id='word_1_6' title='bbox 1106 70 1178 106; x_wconf 82' lang='lat'>149</span> 
     </span>
    </p>
   </div>
   <div class='ocr_carea' id='block_1_2' title="bbox 20 176 1179 2145">
    <p class='ocr_par' dir='ltr' id='par_1_2' title="bbox 72 176 1171 323">
     <span class='ocr_line' id='line_1_2' title="bbox 72 176 1171 229; baseline -0.004 -13"><span class='ocrx_word' id='word_1_7' title='bbox 72 186 140 216; x_wconf 77' lang='lat' dir='ltr'>aut</span> <span class='ocrx_word' id='word_1_8' title='bbox 156 177 241 215; x_wconf 77' lang='lat' dir='ltr'>irati</span> <span class='ocrx_word' id='word_1_9' title='bbox 265 177 497 229; x_wconf 85' lang='lat' dir='ltr'>reliquerunt</span> <span class='ocrx_word' id='word_1_10' title='bbox 510 181 528 217; x_wconf 86' lang='lat'>?</span> <span class='ocrx_word' id='word_1_11' title='bbox 555 179 622 216; x_wconf 90' lang='lat' dir='ltr'>An</span> <span class='ocrx_word' id='word_1_12' title='bbox 648 178 719 216; x_wconf 90' lang='lat' dir='ltr'>hoe</span> <span class='ocrx_word' id='word_1_13' title='bbox 747 178 941 224; x_wconf 85' lang='lat' dir='ltr'>timebam,</span> <span class='ocrx_word' id='word_1_14' title='bbox 966 176 996 213; x_wconf 77' lang='lat' dir='ltr'>si</span> <span class='ocrx_word' id='word_1_15' title='bbox 1021 187 1171 213; x_wconf 87' lang='lat' dir='ltr'>mecum</span> 
     </span>
     <span class='ocr_line' id='line_1_3' title="bbox 72 231 1170 283; baseline -0.004 -14"><span class='ocrx_word' id='word_1_16' title='bbox 72 238 244 281; x_wconf 84' lang='lat' dir='ltr'>ageretur</span> <span class='ocrx_word' id='word_1_17' title='bbox 261 243 366 269; x_wconf 89' lang='lat' dir='ltr'>more</span> <span class='ocrx_word' id='word_1_18' title='bbox 383 231 629 283; x_wconf 85' lang='lat' dir='ltr'>institutoque</span> <span class='ocrx_word' id='word_1_19' title='bbox 642 233 844 281; x_wconf 89' lang='lat' dir='ltr'>majorum,</span> <span class='ocrx_word' id='word_1_20' title='bbox 861 239 903 267; x_wconf 87' lang='lat' dir='ltr'>ut</span> <span class='ocrx_word' id='word_1_21' title='bbox 916 241 1061 280; x_wconf 88' lang='lat' dir='ltr'>possem</span> <span class='ocrx_word' id='word_1_22' title='bbox 1076 242 1170 279; x_wconf 64' lang='grc'>11118-</span> 
     </span>
     <span class='ocr_line' id='line_1_4' title="bbox 72 284 387 323; baseline 0.006 -2"><span class='ocrx_word' id='word_1_23' title='bbox 72 296 156 322; x_wconf 89' lang='lat' dir='ltr'>sens</span> <span class='ocrx_word' id='word_1_24' title='bbox 173 284 353 322; x_wconf 88' lang='lat' dir='ltr'>sustinere</span> <span class='ocrx_word' id='word_1_25' title='bbox 370 287 387 323; x_wconf 85' lang='lat'>?</span> 
     </span>
    </p>

    <p class='ocr_par' dir='ltr' id='par_1_3' title="bbox 67 335 1170 1023">
     <span class='ocr_line' id='line_1_5' title="bbox 127 335 1169 387; baseline -0.003 -13"><span class='ocrx_word' id='word_1_26' title='bbox 127 337 284 384; x_wconf 86' lang='lat' dir='ltr'>Utrum,</span> <span class='ocrx_word' id='word_1_27' title='bbox 304 337 335 376; x_wconf 90' lang='lat' dir='ltr'>si</span> <span class='ocrx_word' id='word_1_28' title='bbox 353 337 431 377; x_wconf 86' lang='lat' dir='ltr'>dies</span> <span class='ocrx_word' id='word_1_29' title='bbox 447 338 547 376; x_wconf 85' lang='lat' dir='ltr'>dicta</span> <span class='ocrx_word' id='word_1_30' title='bbox 564 344 670 383; x_wconf 82' lang='lat' dir='ltr'>esset,</span> <span class='ocrx_word' id='word_1_31' title='bbox 687 337 873 387; x_wconf 88' lang='lat' dir='ltr'>judicium</span> <span class='ocrx_word' id='word_1_32' title='bbox 887 336 980 373; x_wconf 83' lang='lat' dir='ltr'>mihi</span> <span class='ocrx_word' id='word_1_33' title='bbox 995 335 1067 372; x_wconf 80' lang='lat' dir='ltr'>fuit</span> <span class='ocrx_word' id='word_1_34' title='bbox 1086 348 1169 385; x_wconf 84' lang='lat' dir='ltr'>per-</span> 
     </span>
     <span class='ocr_line' id='line_1_6' title="bbox 76 387 1170 441; baseline -0.004 -13"><span class='ocrx_word' id='word_1_35' title='bbox 76 389 373 430; x_wconf 79' lang='lat' dir='ltr'>timescendum.</span> <span class='ocrx_word' id='word_1_36' title='bbox 364 393 381 419; x_wconf 68' lang='lat'><strong>⁹</strong></span> <span class='ocrx_word' id='word_1_37' title='bbox 411 403 473 439; x_wconf 88' lang='lat' dir='ltr'>an,</span> <span class='ocrx_word' id='word_1_38' title='bbox 493 391 572 429; x_wconf 91' lang='lat' dir='ltr'>sine</span> <span class='ocrx_word' id='word_1_39' title='bbox 597 391 752 440; x_wconf 82' lang='lat' dir='ltr'>judicio,</span> <span class='ocrx_word' id='word_1_40' title='bbox 771 389 1042 441; x_wconf 78' lang='lat' dir='ltr'>privilegium?</span> <span class='ocrx_word' id='word_1_41' title='bbox 1067 389 1110 436; x_wconf 72' lang='lat' dir='ltr'>ji·</span> <span class='ocrx_word' id='word_1_42' title='bbox 1101 387 1170 424; x_wconf 74' lang='grc'>’(11-</span> 
     </span>
     <span class='ocr_line' id='line_1_7' title="bbox 72 440 1167 495; baseline -0.003 -15"><span class='ocrx_word' id='word_1_43' title='bbox 72 442 175 481; x_wconf 83' lang='lat' dir='ltr'>cium</span> <span class='ocrx_word' id='word_1_44' title='bbox 192 443 232 480; x_wconf 88' lang='lat' dir='ltr'>in</span> <span class='ocrx_word' id='word_1_45' title='bbox 244 456 354 481; x_wconf 86' lang='lat' dir='ltr'>causa</span> <span class='ocrx_word' id='word_1_46' title='bbox 367 451 444 482; x_wconf 85' lang='lat' dir='ltr'>tam</span> <span class='ocrx_word' id='word_1_47' title='bbox 464 444 597 495; x_wconf 84' lang='lat' dir='ltr'>turpi?</span> <span class='ocrx_word' id='word_1_48' title='bbox 627 444 800 483; x_wconf 84' lang='lat' dir='ltr'>Scilicet</span> <span class='ocrx_word' id='word_1_49' title='bbox 791 457 821 481; x_wconf 81' lang='lat' dir='ltr'>is</span> <span class='ocrx_word' id='word_1_50' title='bbox 839 443 900 480; x_wconf 70' lang='lat' dir='ltr'>hox</span> <span class='ocrx_word' id='word_1_51' title='bbox 902 455 953 480; x_wconf 88' lang='lat' dir='ltr'>no</span> <span class='ocrx_word' id='word_1_52' title='bbox 972 454 1070 487; x_wconf 88' lang='lat' dir='ltr'>sum,</span> <span class='ocrx_word' id='word_1_53' title='bbox 1087 440 1167 491; x_wconf 87' lang='lat' dir='ltr'>qui,</span> 
     </span>
     <span class='ocr_line' id='line_1_8' title="bbox 71 495 1169 548; baseline -0.003 -15"><span class='ocrx_word' id='word_1_54' title='bbox 71 495 186 533; x_wconf 88' lang='lat' dir='ltr'>etiam</span> <span class='ocrx_word' id='word_1_55' title='bbox 205 496 236 534; x_wconf 88' lang='lat' dir='ltr'>si</span> <span class='ocrx_word' id='word_1_56' title='bbox 254 509 366 534; x_wconf 88' lang='lat' dir='ltr'>causa</span> <span class='ocrx_word' id='word_1_57' title='bbox 384 505 476 536; x_wconf 89' lang='lat' dir='ltr'>esset</span> <span class='ocrx_word' id='word_1_58' title='bbox 494 498 636 548; x_wconf 87' lang='lat' dir='ltr'>ignota,</span> <span class='ocrx_word' id='word_1_59' title='bbox 656 497 812 535; x_wconf 80' lang='lat' dir='ltr'>dicendo</span> <span class='ocrx_word' id='word_1_60' title='bbox 839 508 915 533; x_wconf 85' lang='lat' dir='ltr'>non</span> <span class='ocrx_word' id='word_1_61' title='bbox 940 506 1084 546; x_wconf 82' lang='lat' dir='ltr'>possem</span> <span class='ocrx_word' id='word_1_62' title='bbox 1104 507 1169 531; x_wconf 77' lang='lat' dir='ltr'>ex-¹</span> 
     </span>
     <span class='ocr_line' id='line_1_9' title="bbox 69 548 1169 606; baseline -0.003 -20"><span class='ocrx_word' id='word_1_63' title='bbox 69 549 240 599; x_wconf 82' lang='lat' dir='ltr'>plicare?</span> <span class='ocrx_word' id='word_1_64' title='bbox 266 550 335 587; x_wconf 92' lang='lat' dir='ltr'>An</span> <span class='ocrx_word' id='word_1_65' title='bbox 347 563 430 588; x_wconf 86' lang='lat' dir='ltr'>eam</span> <span class='ocrx_word' id='word_1_66' title='bbox 443 563 593 588; x_wconf 86' lang='lat' dir='ltr'>causam</span> <span class='ocrx_word' id='word_1_67' title='bbox 608 553 764 601; x_wconf 77' lang='lat' dir='ltr'>probare</span> <span class='ocrx_word' id='word_1_68' title='bbox 779 562 852 586; x_wconf 78' lang='lat' dir='ltr'>non</span> <span class='ocrx_word' id='word_1_69' title='bbox 867 556 1047 599; x_wconf 88' lang='lat' dir='ltr'>poteram,</span> <span class='ocrx_word' id='word_1_70' title='bbox 1062 548 1169 606; x_wconf 80' lang='lat' dir='ltr'>cujus</span> 
     </span>
     <span class='ocr_line' id='line_1_10' title="bbox 71 600 1166 653; baseline -0.002 -15"><span class='ocrx_word' id='word_1_71' title='bbox 71 609 177 639; x_wconf 83' lang='lat' dir='ltr'>tanta</span> <span class='ocrx_word' id='word_1_72' title='bbox 194 602 340 640; x_wconf 83' lang='lat' dir='ltr'>bonitas</span> <span class='ocrx_word' id='word_1_73' title='bbox 357 611 425 651; x_wconf 88' lang='lat' dir='ltr'>est,</span> <span class='ocrx_word' id='word_1_74' title='bbox 446 610 489 641; x_wconf 91' lang='lat' dir='ltr'>ut</span> <span class='ocrx_word' id='word_1_75' title='bbox 507 617 550 640; x_wconf 89' lang='lat' dir='ltr'>ea</span> <span class='ocrx_word' id='word_1_76' title='bbox 567 603 649 653; x_wconf 88' lang='lat' dir='ltr'>ipsa</span> <span class='ocrx_word' id='word_1_77' title='bbox 666 615 740 641; x_wconf 87' lang='lat' dir='ltr'>non</span> <span class='ocrx_word' id='word_1_78' title='bbox 769 602 881 640; x_wconf 79' lang='lat' dir='ltr'>modo</span> <span class='ocrx_word' id='word_1_79' title='bbox 899 615 950 649; x_wconf 87' lang='lat' dir='ltr'>se,</span> <span class='ocrx_word' id='word_1_80' title='bbox 971 601 1035 638; x_wconf 88' lang='lat' dir='ltr'>sed</span> <span class='ocrx_word' id='word_1_81' title='bbox 1054 600 1166 638; x_wconf 88' lang='lat' dir='ltr'>etiam</span> 
     </span>
     <span class='ocr_line' id='line_1_11' title="bbox 70 653 1166 706; baseline -0.003 -14"><span class='ocrx_word' id='word_1_82' title='bbox 70 667 132 692; x_wconf 91' lang='lat' dir='ltr'>me</span> <span class='ocrx_word' id='word_1_83' title='bbox 144 656 337 693; x_wconf 83' lang='lat' dir='ltr'>absentem</span> <span class='ocrx_word' id='word_1_84' title='bbox 348 669 414 706; x_wconf 88' lang='lat' dir='ltr'>per</span> <span class='ocrx_word' id='word_1_85' title='bbox 426 668 478 701; x_wconf 84' lang='lat' dir='ltr'>se,</span> <span class='ocrx_word' id='word_1_86' title='bbox 492 656 689 706; x_wconf 82' lang='lat' dir='ltr'>probarit?</span> <span class='ocrx_word' id='word_1_87' title='bbox 706 669 754 693; x_wconf 85' lang='lat' dir='ltr'>an</span> <span class='ocrx_word' id='word_1_88' title='bbox 768 662 931 700; x_wconf 80' lang='lat' dir='ltr'>senatus,</span> <span class='ocrx_word' id='word_1_89' title='bbox 945 667 992 691; x_wconf 90' lang='lat' dir='ltr'>an</span> <span class='ocrx_word' id='word_1_90' title='bbox 1007 653 1084 691; x_wconf 81' lang='lat' dir='ltr'>ordi</span> <span class='ocrx_word' id='word_1_91' title='bbox 1076 666 1166 699; x_wconf 81' lang='lat' dir='ltr'>nes,</span> 
     </span>
     <span class='ocr_line' id='line_1_12' title="bbox 67 707 1166 758; baseline -0.002 -14"><span class='ocrx_word' id='word_1_92' title='bbox 67 720 116 745; x_wconf 86' lang='lat' dir='ltr'>an</span> <span class='ocrx_word' id='word_1_93' title='bbox 126 708 167 754; x_wconf 92' lang='lat' dir='ltr'>ii,</span> <span class='ocrx_word' id='word_1_94' title='bbox 175 708 255 758; x_wconf 89' lang='lat' dir='ltr'>qui,</span> <span class='ocrx_word' id='word_1_95' title='bbox 266 709 399 747; x_wconf 87' lang='lat' dir='ltr'>cuncta</span> <span class='ocrx_word' id='word_1_96' title='bbox 407 722 454 747; x_wconf 80' lang='lat' dir='ltr'>ex</span> <span class='ocrx_word' id='word_1_97' title='bbox 462 709 588 755; x_wconf 80' lang='lat' dir='ltr'>Italia,</span> <span class='ocrx_word' id='word_1_98' title='bbox 597 708 645 746; x_wconf 89' lang='lat' dir='ltr'>ad</span> <span class='ocrx_word' id='word_1_99' title='bbox 652 722 713 746; x_wconf 87' lang='lat' dir='ltr'>me</span> <span class='ocrx_word' id='word_1_100' title='bbox 721 707 986 751; x_wconf 85' lang='lat' dir='ltr'>revocandum,</span> <span class='ocrx_word' id='word_1_101' title='bbox 995 707 1166 744; x_wconf 86' lang='lat' dir='ltr'>convola-</span> 
     </span>
     <span class='ocr_line' id='line_1_13' title="bbox 72 759 1170 812; baseline -0.002 -15"><span class='ocrx_word' id='word_1_102' title='bbox 72 768 219 808; x_wconf 85' lang='lat' dir='ltr'>verunt,</span> <span class='ocrx_word' id='word_1_103' title='bbox 239 762 438 811; x_wconf 79' lang='lat' dir='ltr'>segniores,</span> <span class='ocrx_word' id='word_1_104' title='bbox 453 775 514 800; x_wconf 89' lang='lat' dir='ltr'>me</span> <span class='ocrx_word' id='word_1_105' title='bbox 527 770 722 812; x_wconf 85' lang='lat' dir='ltr'>praesente,</span> <span class='ocrx_word' id='word_1_106' title='bbox 742 762 790 798; x_wconf 87' lang='lat' dir='ltr'>ad</span> <span class='ocrx_word' id='word_1_107' title='bbox 803 774 864 799; x_wconf 86' lang='lat' dir='ltr'>me</span> <span class='ocrx_word' id='word_1_108' title='bbox 883 759 1118 798; x_wconf 81' lang='lat' dir='ltr'>retinendum</span> <span class='ocrx_word' id='word_1_109' title='bbox 1134 766 1170 796; x_wconf 91' lang='lat' dir='ltr'>et</span> 
     </span>
     <span class='ocr_line' id='line_1_14' title="bbox 72 813 1169 864; baseline -0.003 -14"><span class='ocrx_word' id='word_1_110' title='bbox 72 815 382 862; x_wconf 88' lang='lat' dir='ltr'>conservandum,</span> <span class='ocrx_word' id='word_1_111' title='bbox 402 815 558 853; x_wconf 84' lang='lat' dir='ltr'>fuissent</span> <span class='ocrx_word' id='word_1_112' title='bbox 583 815 621 851; x_wconf 87' lang='lat' dir='ltr'>in</span> <span class='ocrx_word' id='word_1_113' title='bbox 641 813 683 852; x_wconf 73' lang='grc'>811</span> <span class='ocrx_word' id='word_1_114' title='bbox 701 815 825 861; x_wconf 61' lang='lat' dir='ltr'>causa,</span> <span class='ocrx_word' id='word_1_115' title='bbox 846 826 962 864; x_wconf 88' lang='lat' dir='ltr'>quam</span> <span class='ocrx_word' id='word_1_116' title='bbox 989 813 1068 862; x_wconf 82' lang='lat' dir='ltr'>ipse</span> <span class='ocrx_word' id='word_1_117' title='bbox 1089 813 1169 860; x_wconf 87' lang='lat' dir='ltr'>jam</span> 
     </span>
     <span class='ocr_line' id='line_1_15' title="bbox 74 864 1169 916; baseline -0.002 -13"><span class='ocrx_word' id='word_1_118' title='bbox 74 866 257 916; x_wconf 84' lang='lat' dir='ltr'>parricida</span> <span class='ocrx_word' id='word_1_119' title='bbox 276 868 389 905; x_wconf 86' lang='lat' dir='ltr'>talem</span> <span class='ocrx_word' id='word_1_120' title='bbox 416 868 515 905; x_wconf 87' lang='lat' dir='ltr'>dicat</span> <span class='ocrx_word' id='word_1_121' title='bbox 531 868 659 913; x_wconf 89' lang='lat' dir='ltr'>fuisse,</span> <span class='ocrx_word' id='word_1_122' title='bbox 690 875 732 904; x_wconf 90' lang='lat' dir='ltr'>ut</span> <span class='ocrx_word' id='word_1_123' title='bbox 763 880 825 905; x_wconf 90' lang='lat' dir='ltr'>me</span> <span class='ocrx_word' id='word_1_124' title='bbox 853 869 900 904; x_wconf 88' lang='lat' dir='ltr'>ab</span> <span class='ocrx_word' id='word_1_125' title='bbox 932 865 1107 903; x_wconf 86' lang='lat' dir='ltr'>omnibus</span> <span class='ocrx_word' id='word_1_126' title='bbox 1122 864 1169 901; x_wconf 86' lang='lat' dir='ltr'>ad</span> 
     </span>
     <span class='ocr_line' id='line_1_16' title="bbox 71 920 1170 972; baseline -0.001 -17"><span class='ocrx_word' id='word_1_127' title='bbox 71 932 195 957; x_wconf 87' lang='lat' dir='ltr'>meam</span> <span class='ocrx_word' id='word_1_128' title='bbox 213 920 410 970; x_wconf 81' lang='lat' dir='ltr'>pristinam</span> <span class='ocrx_word' id='word_1_129' title='bbox 428 921 649 972; x_wconf 83' lang='lat' dir='ltr'>dignitatem</span> <span class='ocrx_word' id='word_1_130' title='bbox 668 921 874 971; x_wconf 87' lang='lat' dir='ltr'>expetitum</span> <span class='ocrx_word' id='word_1_131' title='bbox 894 927 1006 971; x_wconf 87' lang='lat' dir='ltr'>atque</span> <span class='ocrx_word' id='word_1_132' title='bbox 1023 930 1170 956; x_wconf 86' lang='lat' dir='ltr'>revoca-</span> 
     </span>
     <span class='ocr_line' id='line_1_17' title="bbox 72 976 379 1023; baseline 0.007 -14"><span class='ocrx_word' id='word_1_133' title='bbox 72 980 155 1010; x_wconf 88' lang='lat' dir='ltr'>tum</span> <span class='ocrx_word' id='word_1_134' title='bbox 170 976 379 1023; x_wconf 81' lang='lat' dir='ltr'>queratur?</span> 
     </span>
    </p>

    <p class='ocr_par' dir='ltr' id='par_1_4' title="bbox 20 1023 1174 1660">
     <span class='ocr_line' id='line_1_18' title="bbox 121 1023 1167 1078; baseline -0.003 -15"><span class='ocrx_word' id='word_1_135' title='bbox 121 1030 190 1063; x_wconf 91' lang='lat' dir='ltr'>An</span> <span class='ocrx_word' id='word_1_136' title='bbox 209 1039 295 1064; x_wconf 89' lang='lat' dir='ltr'>vero</span> <span class='ocrx_word' id='word_1_137' title='bbox 313 1026 352 1064; x_wconf 89' lang='lat' dir='ltr'>in</span> <span class='ocrx_word' id='word_1_138' title='bbox 368 1027 510 1076; x_wconf 84' lang='lat' dir='ltr'>judicio</span> <span class='ocrx_word' id='word_1_139' title='bbox 528 1027 683 1078; x_wconf 86' lang='lat' dir='ltr'>periculi</span> <span class='ocrx_word' id='word_1_140' title='bbox 702 1027 796 1064; x_wconf 89' lang='lat' dir='ltr'>nihil</span> <span class='ocrx_word' id='word_1_141' title='bbox 815 1026 907 1071; x_wconf 79' lang='lat' dir='ltr'>fuit3</span> <span class='ocrx_word' id='word_1_142' title='bbox 929 1023 1167 1076; x_wconf 85' lang='lat' dir='ltr'>privilegium</span> 
     </span>
     <span class='ocr_line' id='line_1_19' title="bbox 71 1079 1169 1130; baseline -0.003 -14"><span class='ocrx_word' id='word_1_143' title='bbox 71 1079 262 1129; x_wconf 84' lang='lat' dir='ltr'>pertimui,</span> <span class='ocrx_word' id='word_1_144' title='bbox 282 1091 342 1126; x_wconf 89' lang='lat' dir='ltr'>ne,</span> <span class='ocrx_word' id='word_1_145' title='bbox 363 1080 457 1117; x_wconf 89' lang='lat' dir='ltr'>mihi</span> <span class='ocrx_word' id='word_1_146' title='bbox 471 1081 643 1130; x_wconf 86' lang='lat' dir='ltr'>praesenti</span> <span class='ocrx_word' id='word_1_147' title='bbox 662 1080 693 1118; x_wconf 90' lang='lat' dir='ltr'>si</span> <span class='ocrx_word' id='word_1_148' title='bbox 709 1080 830 1117; x_wconf 87' lang='lat' dir='ltr'>multa</span> <span class='ocrx_word' id='word_1_149' title='bbox 848 1079 1085 1129; x_wconf 79' lang='lat' dir='ltr'>irrogaretur,</span> <span class='ocrx_word' id='word_1_150' title='bbox 1105 1089 1169 1114; x_wconf 90' lang='lat' dir='ltr'>ne-</span> 
     </span>
     <span class='ocr_line' id='line_1_20' title="bbox 70 1131 1170 1183; baseline -0.002 -15"><span class='ocrx_word' id='word_1_151' title='bbox 70 1144 134 1169; x_wconf 89' lang='lat' dir='ltr'>mo</span> <span class='ocrx_word' id='word_1_152' title='bbox 160 1132 400 1170; x_wconf 81' lang='lat' dir='ltr'>intercederet</span> <span class='ocrx_word' id='word_1_153' title='bbox 412 1135 430 1171; x_wconf 83' lang='lat'>?</span> <span class='ocrx_word' id='word_1_154' title='bbox 474 1134 575 1171; x_wconf 83' lang='lat' dir='ltr'>Tam</span> <span class='ocrx_word' id='word_1_155' title='bbox 603 1133 711 1183; x_wconf 88' lang='lat' dir='ltr'>inops</span> <span class='ocrx_word' id='word_1_156' title='bbox 739 1141 866 1170; x_wconf 89' lang='lat' dir='ltr'>autem</span> <span class='ocrx_word' id='word_1_157' title='bbox 895 1145 964 1182; x_wconf 88' lang='lat' dir='ltr'>ego</span> <span class='ocrx_word' id='word_1_158' title='bbox 991 1143 1093 1168; x_wconf 90' lang='lat' dir='ltr'>eram</span> <span class='ocrx_word' id='word_1_159' title='bbox 1123 1131 1170 1167; x_wconf 88' lang='lat' dir='ltr'>ab</span> 
     </span>
     <span class='ocr_line' id='line_1_21' title="bbox 71 1183 1169 1244; baseline -0.002 -22"><span class='ocrx_word' id='word_1_160' title='bbox 71 1185 215 1231; x_wconf 82' lang='lat' dir='ltr'>amicis,</span> <span class='ocrx_word' id='word_1_161' title='bbox 248 1193 315 1222; x_wconf 89' lang='lat' dir='ltr'>aut</span> <span class='ocrx_word' id='word_1_162' title='bbox 349 1192 428 1224; x_wconf 89' lang='lat' dir='ltr'>tam</span> <span class='ocrx_word' id='word_1_163' title='bbox 458 1186 560 1224; x_wconf 90' lang='lat' dir='ltr'>nuda</span> <span class='ocrx_word' id='word_1_164' title='bbox 581 1185 790 1237; x_wconf 84' lang='lat' dir='ltr'>respublica</span> <span class='ocrx_word' id='word_1_165' title='bbox 815 1198 838 1223; x_wconf 89' lang='lat' dir='ltr'>a</span> <span class='ocrx_word' id='word_1_166' title='bbox 859 1183 1169 1244; x_wconf 81' lang='lat' dir='ltr'>magistratibus?</span> 
     </span>
     <span class='ocr_line' id='line_1_22' title="bbox 70 1237 1170 1298; baseline -0.003 -23"><span class='ocrx_word' id='word_1_167' title='bbox 70 1237 209 1285; x_wconf 78' lang='lat' dir='ltr'>Quid?</span> <span class='ocrx_word' id='word_1_168' title='bbox 237 1238 268 1276; x_wconf 89' lang='lat' dir='ltr'>si</span> <span class='ocrx_word' id='word_1_169' title='bbox 286 1249 424 1277; x_wconf 84' lang='lat' dir='ltr'>vocatae</span> <span class='ocrx_word' id='word_1_170' title='bbox 450 1239 571 1277; x_wconf 91' lang='lat' dir='ltr'>tribus</span> <span class='ocrx_word' id='word_1_171' title='bbox 600 1246 733 1287; x_wconf 86' lang='lat' dir='ltr'>essent,</span> <span class='ocrx_word' id='word_1_172' title='bbox 764 1237 1071 1298; x_wconf 87' lang='lat' dir='ltr'>proscriptionem</span> <span class='ocrx_word' id='word_1_173' title='bbox 1094 1247 1170 1273; x_wconf 92' lang='lat' dir='ltr'>non</span> 
     </span>
     <span class='ocr_line' id='line_1_23' title="bbox 71 1288 1172 1351; baseline -0.002 -24"><span class='ocrx_word' id='word_1_174' title='bbox 71 1291 222 1328; x_wconf 85' lang='lat' dir='ltr'>dicam</span> <span class='ocrx_word' id='word_1_175' title='bbox 212 1303 252 1328; x_wconf 89' lang='grc'>111</span> <span class='ocrx_word' id='word_1_176' title='bbox 270 1304 346 1338; x_wconf 83' lang='grc'>1118,</span> <span class='ocrx_word' id='word_1_177' title='bbox 366 1292 418 1330; x_wconf 88' lang='lat' dir='ltr'>ita</span> <span class='ocrx_word' id='word_1_178' title='bbox 431 1292 478 1330; x_wconf 88' lang='lat' dir='ltr'>de</span> <span class='ocrx_word' id='word_1_179' title='bbox 496 1306 565 1330; x_wconf 89' lang='lat' dir='ltr'>sua</span> <span class='ocrx_word' id='word_1_180' title='bbox 583 1292 702 1330; x_wconf 79' lang='lat' dir='ltr'>salute</span> <span class='ocrx_word' id='word_1_181' title='bbox 719 1291 866 1351; x_wconf 80' lang='lat' dir='ltr'>merito,</span> <span class='ocrx_word' id='word_1_182' title='bbox 885 1291 949 1328; x_wconf 87' lang='lat' dir='ltr'>sed</span> <span class='ocrx_word' id='word_1_183' title='bbox 967 1289 1121 1328; x_wconf 89' lang='lat' dir='ltr'>omnino</span> <span class='ocrx_word' id='word_1_184' title='bbox 1133 1288 1172 1325; x_wconf 92' lang='lat' dir='ltr'>in</span> 
     </span>
     <span class='ocr_line' id='line_1_24' title="bbox 20 1342 1174 1395; baseline -0.001 -15"><span class='ocrx_word' id='word_1_185' title='bbox 20 1378 23 1380; x_wconf 90' lang='lat'>.</span> <span class='ocrx_word' id='word_1_186' title='bbox 72 1343 152 1381; x_wconf 93' lang='lat' dir='ltr'>ullo</span> <span class='ocrx_word' id='word_1_187' title='bbox 169 1344 255 1391; x_wconf 84' lang='lat' dir='ltr'>civi,</span> <span class='ocrx_word' id='word_1_188' title='bbox 269 1346 633 1395; x_wconf 86' lang='lat' dir='ltr'>comprobavissent.</span> <span class='ocrx_word' id='word_1_189' title='bbox 624 1347 641 1373; x_wconf 65' lang='lat'><strong>⁹</strong></span> <span class='ocrx_word' id='word_1_190' title='bbox 669 1346 753 1393; x_wconf 93' lang='lat' dir='ltr'>An,</span> <span class='ocrx_word' id='word_1_191' title='bbox 772 1345 803 1382; x_wconf 90' lang='lat' dir='ltr'>si</span> <span class='ocrx_word' id='word_1_192' title='bbox 818 1357 886 1395; x_wconf 89' lang='lat' dir='ltr'>ego</span> <span class='ocrx_word' id='word_1_193' title='bbox 904 1356 1064 1394; x_wconf 81' lang='lat' dir='ltr'>praesens</span> <span class='ocrx_word' id='word_1_194' title='bbox 1081 1342 1174 1379; x_wconf 86' lang='lat' dir='ltr'>fuis-</span> 
     </span>
     <span class='ocr_line' id='line_1_25' title="bbox 72 1395 1172 1449; baseline -0.002 -15"><span class='ocrx_word' id='word_1_195' title='bbox 72 1409 165 1444; x_wconf 88' lang='lat' dir='ltr'>sem,</span> <span class='ocrx_word' id='word_1_196' title='bbox 186 1405 324 1436; x_wconf 82' lang='lat' dir='ltr'>veteres</span> <span class='ocrx_word' id='word_1_197' title='bbox 347 1398 423 1436; x_wconf 88' lang='lat' dir='ltr'>illae</span> <span class='ocrx_word' id='word_1_198' title='bbox 441 1400 557 1449; x_wconf 84' lang='lat' dir='ltr'>copiae</span> <span class='ocrx_word' id='word_1_199' title='bbox 575 1400 868 1447; x_wconf 81' lang='lat' dir='ltr'>conjuratorum,</span> <span class='ocrx_word' id='word_1_200' title='bbox 889 1397 1020 1447; x_wconf 89' lang='lat' dir='ltr'>tuique</span> <span class='ocrx_word' id='word_1_201' title='bbox 1038 1395 1172 1446; x_wconf 87' lang='lat' dir='ltr'>perditi</span> 
     </span>
     <span class='ocr_line' id='line_1_26' title="bbox 72 1450 1173 1512; baseline -0.004 -24"><span class='ocrx_word' id='word_1_202' title='bbox 72 1450 211 1488; x_wconf 82' lang='lat' dir='ltr'>milites</span> <span class='ocrx_word' id='word_1_203' title='bbox 237 1458 351 1501; x_wconf 88' lang='lat' dir='ltr'>atque</span> <span class='ocrx_word' id='word_1_204' title='bbox 377 1459 539 1512; x_wconf 79' lang='lat' dir='ltr'>egentes,</span> <span class='ocrx_word' id='word_1_205' title='bbox 559 1459 596 1489; x_wconf 87' lang='lat' dir='ltr'>et</span> <span class='ocrx_word' id='word_1_206' title='bbox 620 1464 718 1490; x_wconf 83' lang='lat' dir='ltr'>nova</span> <span class='ocrx_word' id='word_1_207' title='bbox 734 1451 790 1489; x_wconf 89' lang='lat' dir='ltr'>vis</span> <span class='ocrx_word' id='word_1_208' title='bbox 808 1450 1173 1488; x_wconf 83' lang='lat' dir='ltr'>sceleratissimorum</span> 
     </span>
     <span class='ocr_line' id='line_1_27' title="bbox 71 1504 1172 1556; baseline -0.003 -15"><span class='ocrx_word' id='word_1_209' title='bbox 71 1504 284 1550; x_wconf 80' lang='lat' dir='ltr'>consulum,</span> <span class='ocrx_word' id='word_1_210' title='bbox 300 1505 443 1555; x_wconf 89' lang='lat' dir='ltr'>corpori</span> <span class='ocrx_word' id='word_1_211' title='bbox 454 1518 538 1543; x_wconf 86' lang='lat' dir='ltr'>meo</span> <span class='ocrx_word' id='word_1_212' title='bbox 549 1505 826 1556; x_wconf 82' lang='lat' dir='ltr'>pepercissent?</span> <span class='ocrx_word' id='word_1_213' title='bbox 847 1504 927 1554; x_wconf 87' lang='lat' dir='ltr'>qui,</span> <span class='ocrx_word' id='word_1_214' title='bbox 943 1516 1030 1541; x_wconf 92' lang='lat' dir='ltr'>cum</span> <span class='ocrx_word' id='word_1_215' title='bbox 1042 1513 1172 1540; x_wconf 86' lang='lat' dir='ltr'>eorum</span> 
     </span>
     <span class='ocr_line' id='line_1_28' title="bbox 71 1556 1173 1609; baseline -0.001 -16"><span class='ocrx_word' id='word_1_216' title='bbox 71 1556 244 1594; x_wconf 88' lang='lat' dir='ltr'>omnium</span> <span class='ocrx_word' id='word_1_217' title='bbox 263 1557 473 1596; x_wconf 84' lang='lat' dir='ltr'>crudelitati</span> <span class='ocrx_word' id='word_1_218' title='bbox 502 1558 704 1609; x_wconf 90' lang='lat' dir='ltr'>scelerique</span> <span class='ocrx_word' id='word_1_219' title='bbox 735 1557 937 1604; x_wconf 88' lang='lat' dir='ltr'>cessissem,</span> <span class='ocrx_word' id='word_1_220' title='bbox 965 1568 1013 1594; x_wconf 90' lang='lat' dir='ltr'>ne</span> <span class='ocrx_word' id='word_1_221' title='bbox 1039 1557 1173 1593; x_wconf 89' lang='lat' dir='ltr'>absens</span> 
     </span>
     <span class='ocr_line' id='line_1_29' title="bbox 75 1609 1074 1660; baseline 0 -14"><span class='ocrx_word' id='word_1_222' title='bbox 75 1609 229 1659; x_wconf 88' lang='lat' dir='ltr'>quidem</span> <span class='ocrx_word' id='word_1_223' title='bbox 246 1610 353 1648; x_wconf 78' lang='lat' dir='ltr'>luctu</span> <span class='ocrx_word' id='word_1_224' title='bbox 371 1624 456 1649; x_wconf 89' lang='lat' dir='ltr'>meo</span> <span class='ocrx_word' id='word_1_225' title='bbox 473 1618 617 1649; x_wconf 88' lang='lat' dir='ltr'>mentes</span> <span class='ocrx_word' id='word_1_226' title='bbox 634 1611 787 1649; x_wconf 89' lang='lat' dir='ltr'>illorum</span> <span class='ocrx_word' id='word_1_227' title='bbox 806 1609 938 1648; x_wconf 84' lang='lat' dir='ltr'>satiare</span> <span class='ocrx_word' id='word_1_228' title='bbox 955 1609 1074 1660; x_wconf 90' lang='lat' dir='ltr'>potui.</span> 
     </span>
    </p>

    <p class='ocr_par' dir='ltr' id='par_1_5' title="bbox 72 1662 1179 2139">
     <span class='ocr_line' id='line_1_30' title="bbox 126 1662 1172 1710; baseline -0.001 -10"><span class='ocrx_word' id='word_1_229' title='bbox 126 1662 293 1700; x_wconf 90' lang='lat' dir='ltr'>XXIII.</span> <span class='ocrx_word' id='word_1_230' title='bbox 315 1663 422 1710; x_wconf 88' lang='lat' dir='ltr'>Quid</span> <span class='ocrx_word' id='word_1_231' title='bbox 435 1664 536 1702; x_wconf 90' lang='lat' dir='ltr'>enim</span> <span class='ocrx_word' id='word_1_232' title='bbox 551 1677 616 1702; x_wconf 92' lang='lat' dir='ltr'>vos</span> <span class='ocrx_word' id='word_1_233' title='bbox 628 1677 724 1702; x_wconf 86' lang='lat' dir='ltr'>uxor</span> <span class='ocrx_word' id='word_1_234' title='bbox 737 1676 823 1701; x_wconf 90' lang='lat' dir='ltr'>mea</span> <span class='ocrx_word' id='word_1_235' title='bbox 836 1663 972 1700; x_wconf 84' lang='lat' dir='ltr'>misera</span> <span class='ocrx_word' id='word_1_236' title='bbox 984 1662 1141 1700; x_wconf 67' lang='lat' dir='ltr'>violarat</span> <span class='ocrx_word' id='word_1_237' title='bbox 1154 1663 1172 1698; x_wconf 87' lang='lat'>?</span> 
     </span>
     <span class='ocr_line' id='line_1_31' title="bbox 74 1715 1174 1768; baseline 0.001 -17"><span class='ocrx_word' id='word_1_238' title='bbox 74 1727 191 1764; x_wconf 91' lang='lat' dir='ltr'>quam</span> <span class='ocrx_word' id='word_1_239' title='bbox 209 1716 421 1764; x_wconf 87' lang='lat' dir='ltr'>vexavistis,</span> <span class='ocrx_word' id='word_1_240' title='bbox 441 1716 664 1768; x_wconf 87' lang='lat' dir='ltr'>raptavistis,</span> <span class='ocrx_word' id='word_1_241' title='bbox 683 1716 788 1755; x_wconf 90' lang='lat' dir='ltr'>omni</span> <span class='ocrx_word' id='word_1_242' title='bbox 806 1715 1022 1754; x_wconf 86' lang='lat' dir='ltr'>crudelitate</span> <span class='ocrx_word' id='word_1_243' title='bbox 1036 1716 1174 1752; x_wconf 87' lang='lat' dir='ltr'>lacera-</span> 
     </span>
     <span class='ocr_line' id='line_1_32' title="bbox 75 1767 1174 1819; baseline 0 -14"><span class='ocrx_word' id='word_1_244' title='bbox 75 1767 191 1806; x_wconf 82' lang='lat' dir='ltr'>vistis.</span> <span class='ocrx_word' id='word_1_245' title='bbox 223 1767 331 1815; x_wconf 84' lang='lat' dir='ltr'>Quid</span> <span class='ocrx_word' id='word_1_246' title='bbox 348 1781 434 1807; x_wconf 87' lang='lat' dir='ltr'>mea</span> <span class='ocrx_word' id='word_1_247' title='bbox 451 1770 529 1807; x_wconf 88' lang='lat' dir='ltr'>filia</span> <span class='ocrx_word' id='word_1_248' title='bbox 540 1770 559 1806; x_wconf 75' lang='lat' dir='ltr'>&#39;t&#39;</span> <span class='ocrx_word' id='word_1_249' title='bbox 585 1771 694 1819; x_wconf 92' lang='lat' dir='ltr'>cujus</span> <span class='ocrx_word' id='word_1_250' title='bbox 711 1770 820 1807; x_wconf 90' lang='lat' dir='ltr'>fletus</span> <span class='ocrx_word' id='word_1_251' title='bbox 831 1768 1015 1816; x_wconf 80' lang='lat' dir='ltr'>assiduus,</span> <span class='ocrx_word' id='word_1_252' title='bbox 1030 1768 1174 1806; x_wconf 90' lang='lat' dir='ltr'>sordes-</span> 
     </span>
     <span class='ocr_line' id='line_1_33' title="bbox 75 1820 1176 1880; baseline 0.001 -23"><span class='ocrx_word' id='word_1_253' title='bbox 75 1833 151 1880; x_wconf 82' lang='lat' dir='ltr'>que</span> <span class='ocrx_word' id='word_1_254' title='bbox 168 1820 362 1871; x_wconf 80' lang='lat' dir='ltr'>lugubres,</span> <span class='ocrx_word' id='word_1_255' title='bbox 381 1823 485 1861; x_wconf 91' lang='lat' dir='ltr'>vobis</span> <span class='ocrx_word' id='word_1_256' title='bbox 503 1830 609 1861; x_wconf 88' lang='lat' dir='ltr'>erant</span> <span class='ocrx_word' id='word_1_257' title='bbox 623 1822 827 1872; x_wconf 79' lang='lat' dir='ltr'>jucundae3</span> <span class='ocrx_word' id='word_1_258' title='bbox 857 1828 1075 1860; x_wconf 88' lang='lat' dir='ltr'>caeterorum</span> <span class='ocrx_word' id='word_1_259' title='bbox 1092 1833 1176 1858; x_wconf 88' lang='lat' dir='ltr'>om-</span> 
     </span>
     <span class='ocr_line' id='line_1_34' title="bbox 79 1873 1175 1936; baseline 0.002 -27"><span class='ocrx_word' id='word_1_260' title='bbox 79 1873 190 1910; x_wconf 87' lang='lat' dir='ltr'>nium</span> <span class='ocrx_word' id='word_1_261' title='bbox 211 1881 356 1912; x_wconf 84' lang='lat' dir='ltr'>mentes</span> <span class='ocrx_word' id='word_1_262' title='bbox 373 1876 574 1927; x_wconf 90' lang='lat' dir='ltr'>oculosque</span> <span class='ocrx_word' id='word_1_263' title='bbox 587 1875 796 1914; x_wconf 83' lang='lat' dir='ltr'>flectebant.</span> <span class='ocrx_word' id='word_1_264' title='bbox 825 1874 933 1936; x_wconf 87' lang='lat' dir='ltr'>Quid</span> <span class='ocrx_word' id='word_1_265' title='bbox 946 1887 1084 1925; x_wconf 86' lang='lat' dir='ltr'>parvus</span> <span class='ocrx_word' id='word_1_266' title='bbox 1101 1873 1175 1911; x_wconf 88' lang='lat' dir='ltr'>fili-</span> 
     </span>
     <span class='ocr_line' id='line_1_35' title="bbox 75 1928 1177 1979; baseline 0 -16"><span class='ocrx_word' id='word_1_267' title='bbox 75 1928 151 1964; x_wconf 86' lang='lat' dir='ltr'>us?</span> <span class='ocrx_word' id='word_1_268' title='bbox 186 1939 302 1977; x_wconf 82' lang='grc'>(1118111</span> <span class='ocrx_word' id='word_1_269' title='bbox 321 1928 504 1979; x_wconf 85' lang='lat' dir='ltr'>quamdiu</span> <span class='ocrx_word' id='word_1_270' title='bbox 523 1928 642 1975; x_wconf 84' lang='lat' dir='ltr'>abfui,</span> <span class='ocrx_word' id='word_1_271' title='bbox 661 1941 788 1976; x_wconf 91' lang='lat' dir='ltr'>nemo,</span> <span class='ocrx_word' id='word_1_272' title='bbox 806 1928 878 1966; x_wconf 87' lang='lat' dir='ltr'>nisi</span> <span class='ocrx_word' id='word_1_273' title='bbox 905 1928 1177 1978; x_wconf 87' lang='lat' dir='ltr'>lacrymantem</span> 
     </span>
     <span class='ocr_line' id='line_1_36' title="bbox 74 1978 1179 2032; baseline -0.001 -16"><span class='ocrx_word' id='word_1_274' title='bbox 74 1978 377 2031; x_wconf 87' lang='lat' dir='ltr'>confectumque,</span> <span class='ocrx_word' id='word_1_275' title='bbox 405 1981 522 2019; x_wconf 89' lang='lat' dir='ltr'>vidit.</span> <span class='ocrx_word' id='word_1_276' title='bbox 552 1981 646 2032; x_wconf 89' lang='lat' dir='ltr'>quid</span> <span class='ocrx_word' id='word_1_277' title='bbox 672 1981 821 2029; x_wconf 89' lang='lat' dir='ltr'>fecerat,</span> <span class='ocrx_word' id='word_1_278' title='bbox 842 1980 944 2032; x_wconf 88' lang='lat' dir='ltr'>quod</span> <span class='ocrx_word' id='word_1_279' title='bbox 962 1993 1050 2018; x_wconf 91' lang='lat' dir='ltr'>eum</span> <span class='ocrx_word' id='word_1_280' title='bbox 1070 1979 1179 2016; x_wconf 84' lang='lat' dir='ltr'>toties</span> 
     </span>
     <span class='ocr_line' id='line_1_37' title="bbox 75 2032 1175 2082; baseline -0.001 -13"><span class='ocrx_word' id='word_1_281' title='bbox 75 2044 143 2082; x_wconf 90' lang='lat' dir='ltr'>per</span> <span class='ocrx_word' id='word_1_282' title='bbox 156 2032 310 2071; x_wconf 83' lang='lat' dir='ltr'>insidias</span> <span class='ocrx_word' id='word_1_283' title='bbox 328 2033 533 2072; x_wconf 86' lang='lat' dir='ltr'>interficere</span> <span class='ocrx_word' id='word_1_284' title='bbox 553 2035 750 2073; x_wconf 80' lang='lat' dir='ltr'>voluistis?</span> <span class='ocrx_word' id='word_1_285' title='bbox 780 2034 886 2082; x_wconf 88' lang='lat' dir='ltr'>Quid</span> <span class='ocrx_word' id='word_1_286' title='bbox 905 2033 1018 2070; x_wconf 83' lang='lat' dir='ltr'>frater</span> <span class='ocrx_word' id='word_1_287' title='bbox 1035 2033 1175 2070; x_wconf 84' lang='lat' dir='ltr'>meus?</span> 
     </span>
     <span class='ocr_line' id='line_1_38' title="bbox 72 2084 1179 2145; baseline -0.001 -23"><span class='ocrx_word' id='word_1_288' title='bbox 72 2084 139 2134; x_wconf 90' lang='lat' dir='ltr'>qui</span> <span class='ocrx_word' id='word_1_289' title='bbox 153 2098 256 2145; x_wconf 81' lang='lat' dir='ltr'>cum,</span> <span class='ocrx_word' id='word_1_290' title='bbox 276 2086 470 2138; x_wconf 82' lang='lat' dir='ltr'>aliquanto</span> <span class='ocrx_word' id='word_1_291' title='bbox 483 2094 567 2139; x_wconf 90' lang='lat' dir='ltr'>post</span> <span class='ocrx_word' id='word_1_292' title='bbox 579 2100 709 2126; x_wconf 91' lang='lat' dir='ltr'>meum</span> <span class='ocrx_word' id='word_1_293' title='bbox 723 2088 941 2132; x_wconf 84' lang='lat' dir='ltr'>discessum,</span> <span class='ocrx_word' id='word_1_294' title='bbox 962 2099 1007 2123; x_wconf 84' lang='lat' dir='ltr'>ex</span> <span class='ocrx_word' id='word_1_295' title='bbox 1028 2084 1179 2144; x_wconf 79' lang='lat' dir='ltr'>provin-</span> 
     </span>
    </p>
   </div>
   <div class='ocr_carea' id='block_1_3' title="bbox 73 2137 1191 2230">
    <p class='ocr_par' dir='ltr' id='par_1_6' title="bbox 73 2137 1191 2230">
     <span class='ocr_line' id='line_1_39' title="bbox 73 2137 1191 2192; baseline 0 -17"><span class='ocrx_word' id='word_1_296' title='bbox 73 2137 132 2176; x_wconf 81' lang='lat' dir='ltr'>cia</span> <span class='ocrx_word' id='word_1_297' title='bbox 150 2139 323 2190; x_wconf 86' lang='lat' dir='ltr'>venisset,</span> <span class='ocrx_word' id='word_1_298' title='bbox 344 2152 467 2192; x_wconf 83' lang='lat' dir='ltr'>neque</span> <span class='ocrx_word' id='word_1_299' title='bbox 494 2141 567 2180; x_wconf 86' lang='lat' dir='ltr'>sibi</span> <span class='ocrx_word' id='word_1_300' title='bbox 586 2141 803 2188; x_wconf 85' lang='lat' dir='ltr'>vivendum,</span> <span class='ocrx_word' id='word_1_301' title='bbox 825 2140 895 2178; x_wconf 86' lang='lat' dir='ltr'>nisi</span> <span class='ocrx_word' id='word_1_302' title='bbox 914 2152 976 2177; x_wconf 83' lang='lat' dir='ltr'>me</span> <span class='ocrx_word' id='word_1_303' title='bbox 995 2137 1191 2184; x_wconf 73' lang='lat' dir='ltr'>restituto,</span> 
     </span>
     <span class='ocr_line' id='line_1_40' title="bbox 851 2193 922 2230; baseline -0.014 0"><span class='ocrx_word' id='word_1_304' title='bbox 851 2205 875 2230; x_wconf 95' lang='lat' dir='ltr'>o</span> <span class='ocrx_word' id='word_1_305' title='bbox 898 2193 922 2229; x_wconf 80' lang='lat'><strong>3</strong></span> 
     </span>
    </p>
   </div>
  </div>
 </body>
</html>
