1455 2343
207 76 282 113 168
432 73 545 113 PRO
575 73 745 113 DOMO
775 75 896 114 SUA.
926 75 1031 114 CAP.
1051 76 1115 114 42.

202 183 297 233 ipse,
317 195 406 220 cum
419 183 490 221 loci
501 183 618 229 illius,
637 195 725 220 cum
744 183 884 221 aedium
903 183 1108 233 eupiditate
1119 182 1306 233 flagraret,

202 238 252 274 ob
267 249 426 287 eamque
437 249 589 275 causam
603 249 735 285 unam,
751 236 827 274 unz-“2
837 237 942 285 justa
954 236 1021 274 illa
1034 237 1226 287 rogatione
1240 237 1309 273 sua

204 289 260 328 vir
276 291 399 327 bonus
424 289 624 328 dominum
643 303 680 327 se
699 291 739 327 in
766 290 860 328 meis
876 290 985 328 bonis
1010 302 1087 328 esse
1106 290 1307 333 voluisset;

204 350 346 391 tamen,
369 343 435 381 fflo
463 344 543 395 ipso
565 343 604 381 in
624 343 749 382 furore
776 357 858 391 suo,
885 356 962 382 non
980 351 1034 381 est
1053 356 1166 381 ausus
1183 356 1309 381 meam

202 396 376 445 domum,
389 399 497 447 cujus
516 397 719 448 cupiditate
730 397 988 435 inflammatus
1004 404 1095 445 erat,
1110 396 1309 447 possidere.

205 450 307 489 Deos
324 451 557 489 immortales
576 451 811 498 existimatis,
833 452 940 500 cujus
956 452 1084 488 labore
1104 457 1140 488 et
1158 449 1312 488 consilio

203 517 272 542 sua
290 504 362 555 ipsi
383 506 526 556 templa
543 512 759 551 tenuerunt,
778 505 819 542 in
838 506 920 553 ejus
939 504 1112 551 domum,
1132 503 1312 541 afflictam

203 565 241 596 et
259 571 425 596 eversam
439 572 506 609 per
519 558 633 595 unius
650 558 815 596 hominis
834 557 1106 596 sceleratissimi
1123 557 1311 595 nefarium

205 611 459 660 latrocinium,
474 611 692 662 immigrare
710 612 901 650 voluisse?

260 665 364 703 Ciwls
382 672 437 702 est
454 677 566 702 nemo
590 665 630 701 in
655 672 760 703 tanto
778 665 934 716 populo,
954 671 1061 703 extra
1079 664 1312 703 contamina-

205 725 285 756 tam
304 719 411 756 illam
426 726 462 756 et
474 724 667 756 cruentam
682 719 729 756 P.
743 718 869 757 Clodii
879 731 1054 765 manum,
1070 718 1136 769 qui
1154 731 1235 756 rem
1253 719 1313 756 ul-

204 772 284 809 lam
302 771 349 810 de
366 772 460 810 meis
478 772 587 810 bonis
606 772 784 823 attigerit,
808 772 875 823 qui
896 784 972 810 non
990 784 1059 822 pro
1078 772 1154 810 suis
1179 772 1314 822 opibus

205 826 246 862 in
264 826 331 863 ina
349 832 571 877 tempestate
589 825 807 864 defenderit.
845 825 916 871 At,
937 826 1006 876 qui
1023 824 1152 876 aliqua
1171 838 1208 863 se
1227 837 1315 863 con-

207 878 356 929 tagione
373 879 524 930 praedae,
538 879 735 927 societatis,
749 879 935 925 emtionis,
951 879 1313 925 contaminaverunt,

205 933 348 970 nullius
367 946 490 984 neque
507 933 644 984 privati
658 947 781 984 neque
794 933 938 984 publici
952 932 1085 982 judicii
1097 945 1248 984 poenam
1263 933 1317 971 ef-

206 986 337 1037 fugere
355 994 572 1037 potuerunt.
600 987 666 1024 Ex
682 987 742 1024 his
761 986 877 1037 igitur
887 987 1010 1034 bonis,
1024 998 1187 1036 quorum
1205 998 1317 1024 nemo

206 1053 287 1077 rem
306 1041 427 1078 ullam
439 1041 576 1091 attigit,
591 1041 658 1091 qui
675 1053 752 1078 non
767 1040 941 1078 omnium
955 1039 1097 1089 judicio
1115 1040 1318 1078 sceleratis-

207 1093 325 1132 simus
342 1095 557 1141 haberetur,
579 1094 647 1131 Dii
665 1094 896 1132 immortales
909 1093 1067 1131 domum
1085 1105 1211 1131 meam
1231 1105 1318 1131 con-

210 1147 434 1198 cupiverunt
448 1150 465 1185 ?
496 1148 576 1185 Ista
597 1155 663 1185 tua
681 1148 840 1198 pulchra
859 1147 1032 1185 Libertas
1045 1147 1148 1184 Deos
1165 1155 1317 1197 penates

205 1208 242 1238 et
253 1201 455 1239 familiares
468 1214 572 1239 meos
582 1202 679 1238 lares
691 1201 851 1252 expulit,
864 1208 908 1238 ut
922 1214 944 1238 a
959 1208 994 1238 te
1008 1200 1103 1250 ipsa,
1119 1207 1317 1251 tamquam

203 1255 243 1291 in
263 1255 418 1305 captivis
437 1255 603 1302 sedibus,
631 1255 873 1292 collocaretur
887 1256 903 1289 P
939 1253 1046 1300 Quid
1066 1260 1120 1291 est
1139 1254 1314 1301 sanctius,

207 1307 301 1358 quid
320 1309 423 1345 omni
435 1308 614 1358 religione
632 1307 832 1353 munitius,
846 1320 962 1358 quam
982 1307 1118 1344 domus
1137 1308 1317 1345 uniuscu-

205 1362 343 1411 jusque
362 1361 533 1399 civium?
564 1362 643 1399 Hic
662 1374 736 1398 arae
755 1369 856 1407 sunt,
883 1361 946 1398 hic
965 1360 1052 1407 foci,
1074 1361 1139 1398 hic
1158 1360 1227 1397 Dii
1251 1374 1317 1411 pe-

207 1422 331 1459 nates3
361 1415 425 1453 hic
439 1428 555 1462 sacra,
568 1414 780 1465 religiones,
801 1414 1037 1461 caerimoniae,
1054 1414 1314 1452 continentur:

205 1468 277 1508 hoc
288 1468 507 1519 perfugium
521 1475 577 1506 est
588 1468 640 1506 ita
651 1476 824 1506 sanctum
835 1468 1027 1515 omnibus,
1041 1475 1086 1505 ut
1096 1467 1184 1505 inde
1195 1468 1317 1520 abripi

208 1522 400 1559 neminem
420 1522 476 1559 fas
496 1523 554 1561 sit.

260 1575 399 1614 XLII.
430 1575 521 1622 Quo
539 1575 662 1626 magis
681 1583 735 1614 est
754 1576 857 1613 furor
875 1576 982 1614 istius
1001 1578 1050 1614 ab
1069 1576 1223 1614 auribus
1235 1589 1316 1616 ves-

207 1628 274 1667 tris
291 1629 542 1680 repellendus,
557 1629 639 1680 qui,
653 1643 739 1680 quae
756 1630 918 1678 majores
936 1629 1055 1667 nostri
1073 1629 1317 1680 religionibus

207 1690 290 1720 tuta
308 1683 416 1721 nobis
435 1689 471 1720 et
489 1690 616 1721 sancta
628 1696 704 1720 esse
716 1682 930 1730 voluerunt,
947 1696 990 1721 ea
1007 1682 1090 1731 iste,
1103 1695 1180 1721 non
1191 1683 1317 1721 solum

207 1744 337 1774 contra
353 1736 573 1787 religionem
594 1736 847 1785 labefactavit,
867 1737 932 1775 sed
953 1737 1066 1775 etiam
1090 1736 1209 1788 ipsius
1232 1737 1319 1775 reli-

211 1802 334 1840 glonls
353 1802 506 1828 nomme
525 1798 667 1828 evertit.

265 1843 323 1880 At
335 1857 421 1894 quae
436 1843 522 1881 Dea
534 1852 589 1882 est
601 1844 618 1879 ἶ)
649 1845 801 1882 Bonam
814 1857 892 1882 esse
906 1850 1065 1896 oportet,
1081 1843 1320 1895 quandoqui-

210 1896 299 1934 dem
318 1904 373 1935 est
395 1899 462 1935 abs
478 1905 516 1935 te
537 1897 719 1935 dedicata.
757 1898 945 1946 Libertas,
964 1897 1104 1949 inquit,
1124 1904 1190 1936 est.
1219 1897 1321 1935 Eam

210 1958 253 1988 tu
271 1950 388 2001 igitur
401 1950 505 1988 domi
524 1963 619 1989 meae
633 1950 834 1997 collocasti,
851 1965 967 2003 quam
983 1964 1030 1989 ex
1043 1953 1138 1989 urbe
1150 1950 1231 1989 tota
1241 1964 1322 1989 sus-

211 2004 331 2041 tulisti
344 2003 362 2040 ?
391 2004 470 2050 Tu,
485 2017 572 2042 cum
585 2004 745 2055 collegas
758 2013 855 2052 tuos,
868 2006 1021 2043 summa
1032 2010 1214 2056 potestate
1226 2018 1323 2056 pram

212 2057 324 2102 ditos,
345 2070 500 2108 negares
519 2058 656 2096 liberos
674 2071 752 2096 esse
768 2072 780 2102 ;
810 2071 898 2096 cum
910 2058 950 2096 in
961 2058 1149 2109 templum
1161 2057 1326 2096 Castoris

212 2110 338 2149 aditus
359 2122 452 2150 esset
471 2121 621 2163 apertus
640 2112 809 2157 nemini;
848 2125 937 2150 cum
955 2113 1057 2150 hunc
1076 2110 1326 2150 clarissimum
