1435 2328
221 75 270 114 16
471 75 585 117 PRO
612 74 851 116 FLACCO.
881 75 986 116 CAP.
1019 73 1081 114 164

213 181 330 231 bulis,
350 182 430 222 sine
442 191 607 233 auctore,
630 183 814 236 [jecerit,]
835 183 876 223 id
887 196 969 233 nos,
985 182 1095 236 quasi
1105 181 1248 222 crimen
1258 186 1327 221 aut

213 236 487 285 testimonium,
504 239 815 289 pertimescamus
826 238 844 274 Ρ

272 290 383 328 Idem
409 291 682 340 laudationem,
713 305 831 344 quam
858 304 927 330 nos
951 291 1000 329 ab
1021 289 1329 329 Acmonensibus

214 342 351 382 Flacco
363 345 491 383 datam
511 346 807 407 proferebamus,
826 345 962 384 falsam
975 357 1053 382 esse
1067 344 1237 383 dicebat.
1259 356 1326 381 cu-

209 398 274 446 jus
293 398 448 449 quidem
467 399 694 438 laudationis
711 401 859 448 jactura
879 398 1093 450 exoptanda
1111 398 1219 436 nobis
1236 396 1324 435 fuit.

212 451 333 498 Nam,
361 460 406 490 ut
433 453 587 504 signum
615 453 813 514 publicum
836 453 1004 504 inspexit
1031 452 1234 503 praeclarus
1254 450 1326 488 iste

212 513 342 543 auctor
372 519 450 544 suae
466 485 660 555 &civitatiffi
693 508 810 545 solere
843 520 928 545 suos
965 506 1062 544 cives
1099 513 1328 555 caeterosque

214 558 381 606 Graecos,
403 573 450 598 ex
470 567 653 612 tempore,
681 561 784 622 quod
803 573 898 612 opus
917 560 977 607 sit,
998 560 1196 610 obsignare
1214 557 1326 595 dixit.

212 611 279 649 Tu
299 626 386 651 vero
416 614 485 651 tibi
514 615 652 653 habeto
681 615 793 652 istam
821 613 1102 652 laudationem:
1133 625 1202 651 nec
1223 611 1327 649 enim

211 665 518 705 Acmonensium
538 669 751 706 testimonio
767 668 894 706 Flacci
913 667 990 705 vita
1001 674 1038 705 et
1056 667 1219 717 dignitas
1237 664 1327 703 niti-

212 726 286 757 tur.
317 720 398 758 Das
417 721 520 759 enim
539 722 649 769 mihi,
671 722 775 773 quod
789 722 869 759 haec
884 734 996 759 causa
1009 721 1178 758 maxime
1195 727 1328 771 postu-

210 773 279 821 lat,
301 775 448 812 nullam
467 776 706 825 gravitatem,
728 775 876 812 nuHam
891 774 1153 821 constantiam,
1173 773 1328 811 nullum

211 827 370 865 firmum
388 828 428 865 in
446 828 587 867 Graecis
602 829 820 867 hominibus
834 828 1048 875 consilium,
1062 828 1210 865 nullam
1222 826 1329 864 deni-

211 893 287 931 que
299 894 377 919 esse
393 882 598 920 testimonii
610 882 736 920 fidem.
769 883 821 920 N
813 883 857 920 isi
872 895 958 920 vero
970 881 1151 919 haetenus
1165 881 1237 919 ista
1250 880 1328 918 for-

211 934 321 972 mula
352 935 558 974 testimonii
583 944 698 988 atque
721 935 899 975 orationis
922 943 998 973 tuae
1024 934 1183 973 describi
1207 947 1251 973 ac
1268 933 1330 971 di-

211 987 355 1038 stingui
375 997 511 1039 potest,
532 997 575 1028 ut
591 991 727 1028 Flacco
746 990 893 1028 absenti
911 989 1057 1041 aliquid
1075 988 1242 1027 civitates
1260 987 1329 1048 tri:

210 1041 316 1079 buiss
302 1055 339 1080 0e
369 1043 567 1089 dicantur;
599 1044 720 1081 Laelio
749 1043 940 1094 praesenti,
970 1056 1037 1094 per
1063 1055 1102 1080 se
1127 1041 1328 1092 agenti,V1

211 1094 425 1145 legis,ju1·e
444 1110 578 1134 accusa
580 1097 706 1145 tionis,
727 1098 862 1148 opibus
881 1104 1060 1161 praeterea
1078 1095 1155 1134 suis
1174 1094 1329 1133 terrenti

212 1161 257 1186 ac
275 1149 452 1197 minanti,
474 1150 571 1188 nihil
590 1151 770 1202 temporis
790 1163 901 1188 causa
912 1149 1099 1201 scripsisse
1117 1155 1184 1187 aut
1202 1148 1329 1199 obsig-

211 1201 322 1240 nasse
340 1203 551 1242 videantur.

265 1256 385 1295 XVI.
414 1257 655 1308 Equidem,
644 1271 684 1295 1n
702 1257 873 1296 minimis
886 1259 1013 1305 rebus,
1028 1270 1126 1309 saepe
1142 1270 1201 1295 res
1214 1269 1326 1308 mag-

210 1320 279 1347 nas
309 1310 400 1358 vidi,
418 1311 578 1360 judices,
599 1312 829 1363 deprehendi
847 1325 890 1350 ac
911 1311 1044 1358 teneli,
1060 1319 1104 1348 ut
1121 1311 1162 1348 in
1179 1311 1252 1349 hoc
1264 1311 1326 1348 A-

212 1363 410 1413 sclepiade.
441 1364 551 1413 Haec,
573 1378 659 1416 quae
674 1373 730 1403 est
747 1379 770 1403 a
781 1366 889 1403 nobis
901 1366 1047 1416 prolata
1060 1364 1243 1412 laudatio,
1256 1366 1325 1403 ob-

211 1416 359 1467 signata
378 1425 456 1455 erat
475 1419 575 1456 creta
588 1419 656 1456 illa
669 1419 856 1465 Asiatica,
878 1432 964 1470 quae
981 1419 1058 1457 fere
1073 1425 1129 1456 est
1146 1418 1326 1457 omnibus

209 1477 301 1508 nota
312 1471 445 1517 nobis,
435 1485 445 1495 ·
476 1472 554 1523 qua
568 1480 730 1510 utuntur
741 1485 873 1510 omnes
884 1485 960 1510 non
971 1472 1085 1510 modo
1096 1472 1135 1509 in
1147 1471 1324 1523 publicis,

209 1523 277 1561 sed
303 1525 416 1562 etiam
439 1525 478 1562 iu
501 1525 656 1576 privatis
681 1526 812 1573 literis,
840 1539 934 1586 quas
959 1525 1128 1577 quotidie
1151 1526 1326 1564 videmus

210 1577 312 1615 mitti
331 1591 354 1616 a
372 1579 600 1640 publicanis,
619 1593 717 1640 saepe
743 1580 947 1631 unicuique
973 1582 1155 1617 nostrum.
1185 1580 1326 1630 Neque

209 1631 314 1669 enim
334 1632 436 1670 testis
456 1633 550 1683 ipse,
571 1633 679 1684 signo
698 1633 878 1684 inspectO,
905 1634 1046 1671 falsum
1065 1646 1133 1670 nos
1159 1633 1326 1684 proferre

210 1684 322 1733 dixit,
343 1686 407 1723 sed
425 1687 496 1724 lev
487 1694 617 1724 itatem
637 1687 751 1725 totius
769 1687 876 1725 Asiae
901 1688 1073 1738 protulit,
1093 1686 1141 1724 de
1160 1700 1239 1738 qua
1255 1698 1325 1724 nos

210 1746 248 1776 et
260 1739 422 1777 libenter
440 1747 478 1777 et
495 1740 605 1778 facile
625 1740 874 1779 concedimus.
904 1741 1047 1779 Nostra
1064 1740 1181 1791 igitur
1191 1740 1326 1778 lauda-

209 1791 262 1830 tio
282 1796 418 1844 (quam
436 1794 500 1831 ille
526 1795 706 1845 temporis
726 1794 839 1832 causa
859 1794 968 1832 nobis
987 1794 1116 1832 datam
1135 1794 1240 1842 dicit,
1255 1793 1324 1831 da-

209 1852 291 1883 tam
311 1847 467 1897 quidem
494 1847 708 1895 confitetur)
729 1847 947 1898 consignata
966 1848 1067 1886 creta
1085 1855 1140 1885 est
1156 1862 1166 1885 ε
1196 1847 1237 1884 111
1255 1847 1323 1884 illo

209 1906 339 1937 autem
359 1901 588 1948 testimonio,
606 1902 709 1953 quod
720 1902 926 1940 accusatori
944 1901 1082 1940 dicitur
1099 1901 1247 1949 datum,
1264 1913 1324 1941 ces

207 1965 293 1990 ram
312 1966 390 1991 esse
405 1954 582 1993 vidimus.

265 2006 346 2046 Hic
365 2020 448 2058 ego,
465 2008 624 2057 judices,
645 2008 678 2046 si
696 2021 761 2047 vos
779 2007 1083 2047 Acmonensium
1101 2007 1271 2052 decretis,
1290 2006 1323 2046 si

209 2069 432 2098 caeterorum
451 2062 654 2113 Phrygum
665 2062 797 2111 literis,
817 2062 1027 2113 permoveri
1045 2069 1234 2113 putarem,
1255 2073 1321 2099 vo-

209 2113 395 2165 ciferarer,
409 2121 459 2165 et,
473 2116 842 2167 quantummaxime
855 2128 1019 2169 possem,
1033 2115 1318 2155 contenderem:
