1455 2343
241 84 318 121 220
480 81 594 121 PRO
624 82 890 123 PLANCIO.
922 50 1024 122 Cim.
1055 84 1091 121 3.

240 191 442 231 dicendum
470 197 538 238 est,
569 190 609 228 in
633 190 710 242 qua
741 191 916 242 quaedam
945 191 1146 229 hominum
1171 190 1340 243 ipsorum

239 246 387 284 videtur
404 243 575 282 facienda
593 257 670 282 esse
688 246 885 283 contentio.

292 298 442 346 Quaerit
469 297 571 335 enim
597 297 824 346 Laterensis,
844 306 957 350 atque
975 297 1046 336 hoc
1068 310 1146 336 uno
1173 297 1342 336 maxime

237 359 362 403 urget,
383 352 460 402 qua
478 364 517 389 se
535 351 686 399 virtute,
707 351 782 402 qua
800 352 925 399 laude,
948 352 1140 397 Plancius,
1162 351 1239 402 qua
1257 351 1341 401 di„-

239 406 370 454 nitate,
396 405 590 455 superarit.
621 404 695 452 Ita,
717 406 747 443 si
762 406 851 443 cedo
876 406 977 443 illius
996 405 1237 450 ornamentis,
1258 417 1344 455 quae

238 460 362 498 multa
391 466 428 496 et
456 471 597 508 magna
615 465 727 502 sunt3
758 471 834 496 non
865 460 986 496 solum
1017 459 1131 508 hujus
1150 458 1343 508 dignitatis

232 516 379 564 jactura
397 512 653 558 facienda-est,
674 512 739 550 sed
762 513 875 550 etiam
902 512 1108 562 largitionis
1127 511 1339 562 recipienda

236 566 397 617 suspicio
424 573 489 603 est.
532 565 599 603 Sin
628 565 730 603 hunc
758 566 816 602 illi
844 573 1043 616 antepono,
1073 565 1343 603 contumeliosa

236 620 411 658 habenda
430 627 483 656 est
502 618 633 665 oratio,
655 626 690 656 et
708 618 909 656 dicendum
929 627 984 657 est
1001 619 1055 666 id,
1075 619 1178 670 quod
1195 619 1259 656 ille
1277 631 1341 656 me

236 674 394 724 flagitat,
412 673 655 710 Laterensem
674 685 696 709 a
715 673 870 710 Plancio
889 672 1070 723 dignitate
1089 685 1166 710 esse
1189 685 1346 723 supera-

239 736 336 766 tum.
367 728 429 764 Ita
447 734 513 763 aut
532 725 749 763 amicissimi
778 726 942 764 hominis
972 725 1202 763 existimatio
1230 726 1349 764 offen-

238 780 361 819 denda
380 787 448 827 est,
469 779 500 817 si
517 779 624 817 illam
643 780 887 818 accusationis
911 779 1164 818 conditionem
1183 793 1343 832 sequar;

238 842 305 873 aut
323 833 464 885 optime
479 833 526 870 de
543 846 606 871 me
616 833 742 870 meriti
760 833 860 871 salus
877 833 1080 871 deserenda
1098 840 1164 871 est.

290 889 373 926 111.
404 887 478 925 Sed
497 899 579 937 ego,
607 886 835 934 Laterensis,
856 900 998 925 caecum
1024 900 1087 925 me
1112 894 1149 924 et
1172 886 1345 938 praecipi-

236 949 314 981 tem
333 941 422 979 ferri
449 940 625 990 confitear
643 940 682 977 in
702 941 828 989 causa,
853 941 884 978 si
902 948 952 987 te,
973 948 1040 979 aut
1057 954 1080 978 a
1099 941 1256 979 Plancio
1277 948 1345 979 aut

237 998 286 1035 ab
305 996 399 1043 ullo,
426 994 608 1045 dignitate
640 994 804 1044 potuisse
833 994 1000 1045 superari
1025 994 1167 1032 dixero.
1207 995 1346 1046 Itaque

237 1049 428 1088 discedam
446 1050 494 1085 ab
514 1048 558 1085 ea
575 1048 825 1096 contentione,
857 1048 907 1086 ad
933 1060 1051 1099 quam
1069 1055 1111 1085 tu
1129 1060 1193 1086 me
1211 1054 1344 1094 vocas3

237 1110 276 1142 et
289 1103 439 1141 veniam
454 1101 503 1139 ad
521 1101 642 1147 illam,
664 1101 712 1139 ad
731 1115 848 1152 quam
867 1114 930 1139 me
947 1114 1061 1140 causa
1078 1101 1160 1152 ipsa
1177 1101 1342 1140 deducit.

239 1157 378 1204 Quid?
407 1163 451 1193 tu
478 1154 671 1206 dignitatis
697 1155 865 1204 judicem
889 1163 1001 1207 putas
1031 1168 1109 1193 esse
1127 1155 1314 1206 populum
1328 1157 1346 1193 Ρ

238 1211 413 1249 Fortasse
424 1221 700 1260 nonnunquam
712 1217 777 1246 est.
799 1209 960 1247 Utinam
973 1222 1059 1246 vero
1071 1221 1217 1260 semper
1228 1208 1343 1247 esset!

240 1264 306 1302 sed
324 1271 378 1302 est
405 1275 556 1315 perraro
572 1276 584 1308 ;
615 1269 665 1310 et,
687 1262 717 1299 si
735 1263 887 1313 quando
906 1270 974 1309 est,
995 1263 1035 1299 in
1053 1263 1098 1300 iis
1117 1262 1346 1323 magistrati-

237 1319 310 1357 bus
340 1324 395 1355 est
416 1315 655 1362 mandandis,
677 1316 816 1366 quibus
842 1316 1002 1354 salutem
1033 1328 1141 1353 suam
1160 1316 1347 1354 committi

236 1378 371 1422 putat:
401 1370 461 1407 his
490 1368 692 1407 levioribus
721 1369 894 1416 comitiis,
927 1369 1123 1429 diligentia
1153 1376 1190 1408 et
1222 1369 1345 1420 gratia

235 1424 441 1485 petitorum
477 1423 597 1461 honos
629 1422 787 1473 paritur,
818 1434 895 1460 non
926 1422 972 1460 iis
998 1422 1227 1460 ornamentis
1259 1436 1347 1474 quae

236 1491 314 1516 esse
331 1478 372 1515 in
390 1485 427 1515 te
445 1476 627 1515 videmus.
657 1477 777 1523 Nam,
793 1476 896 1527 quod
907 1475 955 1514 ad
966 1477 1153 1526 populum
1167 1476 1346 1527 pertinet,

236 1544 384 1582 semper
401 1529 622 1581 dignitatis'
612 1529 766 1580 miquus
787 1529 909 1580 judex
927 1536 994 1579 est,
1015 1530 1083 1580 qui
1101 1536 1168 1568 aut
1187 1529 1346 1578 invidet,

239 1593 306 1623 aut
323 1584 437 1623 favet.

293 1638 543 1698 Quamquam
558 1636 653 1675 nihil
667 1644 772 1688 potes
786 1637 826 1675 in
845 1644 896 1686 te,
917 1636 1145 1686 LaterensiS,
1166 1637 1348 1676 constitu-

239 1706 313 1740 ere,
334 1691 438 1743 quod
467 1691 514 1729 sit
541 1691 738 1742 proprium
766 1690 890 1728 laudis
921 1698 1011 1739 tuae,
1035 1691 1129 1742 quin
1147 1691 1188 1728 id
1205 1691 1275 1729 tibi
1301 1691 1350 1729 sit

242 1758 445 1785 commune
463 1758 551 1783 cum
571 1744 739 1782 Plancio.
779 1744 855 1783 Sed
882 1743 954 1782 hoc
975 1751 1098 1782 totum
1125 1751 1258 1795 agetur
1275 1745 1350 1782 alio

239 1801 349 1838 1000.
379 1811 482 1836 nunc
506 1805 657 1835 tantum
684 1797 835 1848 disputo
863 1797 910 1835 de
933 1798 1020 1846 jure
1037 1798 1196 1858 populi3
1228 1798 1296 1850 qui
1314 1805 1367 1842 et-

239 1860 363 1905 potest
381 1859 418 1890 et
436 1852 528 1890 solet
540 1863 814 1902 nonnunquam
833 1851 967 1901 dignos
984 1851 1199 1902 praeterire:
1221 1863 1304 1899 nec,
1320 1851 1352 1891 si

241 1921 265 1945 a
281 1906 423 1957 populo
442 1905 652 1956 praeteritus
664 1912 731 1952 est,
745 1917 861 1956 quem
876 1917 951 1942 non
970 1905 1150 1955 oportuit,
1170 1918 1193 1942 a
1208 1904 1348 1954 judici.

239 1962 312 1999 bus
331 1958 638 1998 condemnandus
653 1967 721 2005 est,
735 1958 802 2009 qui
815 1958 1026 2008 praeteritus
1037 1970 1113 1995 non
1126 1966 1193 1996 est.
1223 1958 1345 2006 Nam,

244 2014 276 2052 si
293 2014 347 2051 ita
365 2019 473 2059 esset,
494 2012 597 2063 quod
614 2019 737 2062 patres
756 2011 859 2062 apud
876 2013 1037 2061 majores
1063 2019 1207 2049 nostros
1226 2018 1353 2050 tenere

244 2079 322 2104 non
340 2072 558 2118 potuerunt,
578 2072 621 2102 ut
639 2065 921 2116 reprehensores
949 2072 1071 2104 essent
1096 2064 1352 2112 comitiorum,

246 2121 287 2161 id
303 2120 484 2159 haberent
510 2118 682 2169 judiees3
712 2118 786 2167 vel,
813 2118 917 2169 quod
943 2118 1066 2161 multo
1093 2118 1207 2162 etiam
1225 2118 1354 2159 minus
