1425 2334
343 90 457 129 PRO
486 85 709 128 SEXTIO.
740 86 843 124 CAV.
877 86 936 123 15.
1114 82 1190 127 275

93 200 343 246 (ut'omittam
363 196 590 240 Gabinium)
609 193 712 244 quod
731 200 880 230 tantum
899 191 1070 229 homines
1087 189 1195 228 fefel-

95 255 184 301 listi,
205 260 249 292 ut
266 251 472 302 negligeres
490 247 749 286 auctoritatem
768 247 947 283 senatus?
977 242 1111 295 optimi
1129 255 1195 281 cu-

89 311 227 359 jusque
238 304 391 344 consilia
402 309 656 342 contemneres
670 302 688 338 ?
708 298 981 350 rempublicam
993 296 1166 348 proderes
1176 295 1195 332 ⁴?

91 360 286 401 consulare
295 369 435 396 nomen
449 353 661 406 affligeres?
684 352 847 391 etiamne
861 351 1002 389 edicere
1014 349 1192 396 audebas,

91 427 139 453 ne
156 419 354 452 moererent
370 409 542 449 homines
556 419 696 453 meam,
713 417 838 452 suam,
854 403 1082 454 reipublicae,
1097 403 1196 440 cala-

90 468 260 506 mitatem
278 468 295 504 ?
325 477 372 503 ne
400 463 503 501 hunc
533 474 646 500 suum
676 460 845 498 dolorem
877 464 980 496 veste
1009 456 1197 507 significa·

91 521 202 560 rent?
230 519 317 559 Sive
340 518 408 556 illa
435 515 546 555 vestis
576 513 737 552 mutatio
761 512 809 550 ad
834 513 982 550 luctum
1010 510 1194 560 ipsorum,

91 575 167 614 sive
198 573 247 611 ad
279 569 571 622 deprecandum,
603 568 775 612 valebat;
805 565 891 616 quis
919 575 1090 615 unquam
1117 569 1194 600 tam

89 627 249 667 crudelis
267 625 354 671 fuit,
374 623 442 675 qui
459 621 673 674 prohiberet
691 630 924 671 quemquam
939 625 1006 655 aut
1017 616 1089 654 sibi
1103 627 1196 653 moe-

95 694 188 727 rere,
210 686 277 717 aut
294 678 434 716 caeteris
453 674 664 726 supplicare
679 675 698 711 ?

144 733 252 781 Quid
268 735 285 771 ?
306 731 376 770 sua
387 738 519 781 sponte
529 727 716 774 homines,
731 726 772 763 in
783 724 993 763 amicorum
1004 722 1195 773 periculis,

92 787 269 827 vestitum
288 791 437 823 mutare
454 795 529 820 non
555 781 674 819 solent
688 782 706 819 ἓ
734 791 803 829 pro
828 786 865 816 te
889 777 984 828 ipso,
1007 776 1110 823 Piso,
1131 788 1196 813 ne-

92 853 205 880 mone
235 837 428 877 mutavit?
457 849 506 874 ne
536 835 598 872 isti
627 833 797 884 quidem,
827 843 922 882 quos
951 830 1091 880 legatos
1119 841 1194 866 non

93 894 207 933 modo
231 892 338 930 nullo
363 888 712 933 senatus-consulto,
740 885 804 923 sed
830 885 944 922 etiam
962 889 1196 933 repugnante

92 955 238 993 senatu,
270 952 350 983 tute
374 944 442 982 tibi
473 941 640 992 legasti?
669 940 774 990 Ergo
802 936 966 976 hominis
995 935 1195 986 desperati,

93 1010 131 1042 et
161 998 360 1052 proditoris
399 995 628 1047 reipublicae,
665 1005 794 1031 casum
819 991 1006 1040 lugebunt
1029 988 1196 1033 fortasse,

92 1056 160 1108 qui
178 1054 326 1093 volent:
357 1050 445 1089 civis
459 1047 710 1087 florentissimi
721 1043 981 1083 benevolentia
995 1044 1195 1089 bonorum,

93 1118 129 1148 et
158 1107 300 1159 optime
329 1105 376 1142 de
405 1104 525 1142 salute
549 1101 679 1152 patriae
697 1098 836 1144 meriti,
859 1096 1084 1148 periculum,
1105 1107 1195 1133 con-

90 1166 267 1214 junctum
286 1171 374 1198 cum
404 1156 570 1208 periculo
598 1153 770 1199 civitatis,
794 1151 923 1201 lugere
951 1148 1097 1188 senatui
1121 1160 1197 1186 non

93 1215 221 1256 licebit
237 1216 254 1252 ?
284 1212 408 1250 Iidem
420 1210 605 1255 consules,
622 1207 670 1249 (si
681 1204 896 1257 appellandi
911 1210 998 1241 sunt
1011 1202 1196 1248 consules,

93 1281 203 1322 quos,
216 1278 329 1305 nemo
340 1272 408 1311 est,
424 1263 581 1316 quinon
599 1260 713 1299 modo
728 1272 775 1297 ex
789 1257 986 1303 memoria,
1006 1255 1070 1294 sed
1084 1255 1197 1293 etiam

94 1337 141 1363 ex
160 1321 278 1368 fastis,
298 1317 509 1357 evellendos
526 1321 650 1367 putet)
668 1320 778 1364 pacto
793 1313 874 1360 jam
892 1309 1028 1348 foedere
1046 1308 1197 1360 provin-

94 1378 253 1421 ciarum,
273 1371 446 1424 producti
474 1370 515 1407 in
533 1369 628 1407 circo
647 1365 836 1405 Flaminio
854 1365 895 1402 in
913 1362 1129 1402 concionem
1148 1363 1196 1398 ab

93 1431 162 1469 ill-a
178 1425 278 1467 furia
306 1439 349 1464 ac
366 1432 468 1476 peste
486 1422 630 1475 patriae,
650 1420 821 1458 maximo
842 1430 930 1456 cum
952 1415 1097 1467 gemitu
1115 1427 1196 1453 ves-

95 1493 167 1530 tro,
186 1482 253 1520 ina
269 1479 411 1526 omnia,
427 1490 513 1529 quae
531 1484 615 1514 tum
634 1481 763 1512 contra
779 1485 856 1519 me,
877 1478 1081 1521 contraque
1098 1481 1195 1506 rem-1

95 1536 285 1589 publicam
314 1532 472 1577 dixerat,
498 1542 587 1569 voce
611 1542 654 1567 ac
673 1525 855 1566 sententia
882 1525 951 1563 sua
976 1523 1195 1574 comproba-

94 1596 241 1629 verunt.

149 1642 244 1681 XV.
274 1639 415 1679 Iisdem
437 1637 654 1676 consulibus
680 1633 894 1686 sedentibus
922 1638 1036 1682 atque
1053 1629 1196 1680 inspec-

98 1696 280 1742 tantibus,
299 1694 377 1731 lata
399 1693 462 1730 lex
486 1698 554 1740 est,
585 1702 634 1728 ne
656 1687 823 1739 auspicia
841 1686 1021 1732 valerent,
1047 1695 1094 1720 ne
1113 1682 1198 1733 quis

98 1748 352 1794 obnuntiaret,
376 1757 424 1784 ne
446 1744 532 1796 quis
552 1743 629 1794 legi
651 1740 920 1780 intercederet:
951 1745 995 1775 ut
1022 1736 1198 1774 omnibus

98 1804 202 1844 fastis
227 1801 360 1840 diebus
382 1799 507 1849 legem
536 1797 625 1836 ferri
655 1796 806 1834 liceret:
835 1800 880 1831 ut
903 1792 967 1829 lex
992 1790 1111 1836 AElia,
1135 1789 1197 1826 lex

99 1857 225 1904 Fufia,
251 1867 300 1892 ne
317 1852 479 1892 valeret:
508 1850 588 1902 qu'a
604 1849 683 1888 una
704 1847 910 1899 rogatione,
933 1843 1019 1895 quis
1043 1850 1111 1888 est,
1131 1840 1199 1891 qui

99 1923 176 1950 non
186 1907 386 1957 intelligat,
399 1906 612 1944 universam
626 1901 898 1953 rempublicam
914 1910 990 1936 esse
1004 1896 1165 1933 deletam
1180 1896 1198 1931 :³

102 1963 244 2004 Iisdem
262 1959 478 2000 consulibus
496 1956 805 2008 inspectantibus,
827 1963 1016 1991 servorum
1036 1948 1200 1986 delectus

99 2017 308 2056 habebatur
318 2025 386 2064 pro
397 2011 577 2051 tribunali
590 2009 764 2055 Aurelio,
778 2006 930 2045 nomine
941 2001 1199 2052 collegiorum,

102 2083 190 2111 cum
221 2068 372 2107 vicatim
400 2065 572 2104 homines
600 2062 933 2104 conscriberentur,
964 2054 1201 2093 decuriaren.

99 2133 162 2163 tur
177 2137 190 2169 ς
219 2121 267 2160 ad
285 2121 378 2167 vim,
398 2119 446 2157 ad
459 2130 610 2164 manus,
624 2116 673 2154 ad
692 2115 846 2159 caedem,
867 2111 916 2149 ad
933 2107 1197 2159 direptionem,

100 2178 354 2218 incitarentur.
385 2172 526 2212 Iisdem
555 2169 785 2214 consulibus,
817 2178 921 2204 arma
951 2164 989 2202 in
1011 2160 1219 2216 templum·
