1455 2343
191 75 269 118 274
449 80 562 120 PRO
592 81 816 124 SEXTIO.
848 85 953 125 Cap.
988 88 1046 125 14.

186 181 440 234 incommodo,
462 189 568 226 nulla
585 190 626 227 in
652 204 887 243 quemquam
913 196 1066 247 propria
1089 196 1300 248 ignominia

185 236 412 276 nominatim
445 241 613 281 cadebat.
644 245 731 283 Hoc
761 260 847 285 vcro
877 248 970 299 quid
1002 259 1057 288 est
1073 253 1091 288 Ρ
1120 251 1297 289 extermi-

183 289 291 328 nabit
309 291 408 331 cives
427 294 623 335 Romanos
643 299 765 338 edicto
783 303 913 340 consul
933 316 956 340 a
975 304 1051 342 suis
1076 303 1163 343 Diis
1180 316 1296 356 pena,

182 342 284 382 tibus
295 344 313 381 ἒ)
342 348 505 398 expellet
519 363 542 387 a
554 352 678 401 patria
692 355 709 391 Ρ
739 353 878 406 deliget
891 369 1008 407 quem
1027 358 1157 396 volet?
1185 359 1294 396 dam-

179 398 287 436 nabit
305 406 420 451 atque
436 403 563 452 *ejiciet
581 406 807 445 nominatim
826 412 843 447 Ρ
874 410 965 458 Hic,
986 411 1016 449 si
1036 425 1208 463 unquam
1228 425 1292 450 vos

178 463 255 497 eos,
287 453 355 504 qui
373 467 475 494 nunc
493 458 592 506 estis,
613 459 652 496 in
682 474 720 499 re
741 463 896 512 publica
923 464 1003 503 fore
1034 466 1228 517 putassem
1259 465 1292 503 si

177 503 342 557 denique
367 507 573 561 imaginem
595 513 841 564 judiciorum,
868 526 936 556 aut
957 518 1203 558 simulacrum
1221 519 1291 558 ali-

176 559 280 608 quod
309 560 484 601 futurum
508 564 548 602 in
574 566 724 606 civitate
747 569 940 621 reliquum
962 573 1194 619 credidisset,
1219 585 1291 615 un÷

175 625 293 662 quam
322 628 437 654 ausus
479 626 576 657 esset
606 628 779 660 senatum
819 623 866 662 de
901 627 1096 676 republica
1128 627 1289 666 tollere?

174 666 348 717 equitum
363 669 630 711 Romanorum
648 688 776 726 preces
791 676 1008 729 adspernari
1023 682 1040 719 Ρ
1069 681 1211 719 civium
1224 681 1290 719 dc-

173 720 290 771 nique
308 723 498 773 omnium,
518 727 626 766 novis
641 736 678 766 et
695 729 876 770 inauditis
895 732 1038 783 edictis,
1056 735 1120 784 jus
1136 735 1290 774 liberta-

177 780 332 825 temque
350 785 562 828 pervertere
573 780 591 816 ⁸?

224 827 310 866 Etsi
329 842 392 868 me
409 833 667 874 attentissimis
697 838 849 886 animis,
870 841 1024 880 summa
1041 855 1130 881 cum
1154 843 1288 894 benig·

170 880 288 920 nitate
306 884 459 934 auditis,
476 887 648 936 judices;
680 897 808 930 tamen
831 906 974 943 vereor,
999 907 1048 934 ne
1077 896 1165 948 quis
1189 897 1288 937 forte.

170 938 338 975 vestrum
357 938 530 990 miretur,
552 943 647 994 quid
664 944 746 983 haec
769 958 856 985 mea
874 949 992 987 oratio
1011 956 1091 988 tam
1110 951 1225 1002 longa
1243 964 1287 989 ac

169 995 249 1027 tam
268 991 345 1030 alte
358 994 518 1044 repetita
536 996 641 1045 velit,
657 1006 724 1036 aut
743 1000 836 1051 quid
851 1001 901 1039 ad
916 1002 962 1040 P.
979 1003 1100 1043 Sextii
1114 1017 1285 1051 causam,

167 1054 313 1093 eorum,
348 1047 416 1098 qui
454 1056 542 1087 ante
578 1051 694 1100 hujus
732 1053 970 1094 tribunatum
1007 1059 1284 1109 rempublicam

166 1097 368 1148 vexarunt,
395 1101 533 1141 delicta
555 1105 780 1155 pertineant.
811 1108 917 1147 Mihi
941 1118 1071 1149 autem
1096 1112 1168 1152 hoc
1196 1126 1281 1163 pro,

163 1150 332 1199 positum
348 1161 404 1192 est
421 1157 629 1207 ostendere,
646 1161 776 1199 omnia
788 1163 943 1202 consilia
962 1165 1008 1203 P.
1025 1165 1159 1213 Sextii,
1176 1179 1283 1205 men-

164 1211 318 1256 temque
347 1208 462 1247 totius
491 1211 706 1252 tribunatus
728 1215 827 1254 hanc
846 1217 977 1266 fuisse,
1002 1226 1047 1256 ut
1072 1220 1222 1258 afflictae
1243 1226 1282 1260 et

161 1258 321 1307 perditae
339 1262 571 1313 reipublicae,
594 1275 784 1317 quantum
797 1279 936 1320 posset,
948 1273 1173 1311 mederetur.
1201 1274 1279 1321 Ac,

160 1310 207 1357 si,
227 1311 267 1350 in
298 1317 529 1365 exponendis
554 1321 775 1360 vulneribus
793 1323 884 1373 illis,
910 1325 958 1363 de
976 1339 1039 1364 me
1064 1327 1147 1378 ipso
1165 1327 1279 1379 plura

158 1363 283 1404 dicere
301 1368 470 1417 videbor,
497 1371 703 1422 ignoscite:
735 1388 825 1414 nam
849 1385 885 1415 et
906 1378 1014 1418 illam
1042 1393 1169 1418 meam
1199 1382 1274 1419 cla-

157 1417 246 1456 dem
275 1434 340 1459 vos
372 1429 410 1460 et
438 1436 569 1464 omnes
597 1428 687 1465 boni
712 1430 929 1468 maximum
953 1445 1031 1472 esse
1051 1435 1270 1485 reipublicae

156 1473 294 1512 vulnus
309 1475 536 1525 judicastis3
568 1487 605 1518 et
632 1481 678 1518 P.
699 1483 853 1522 Sextius
882 1492 939 1523 est
956 1499 1056 1533 reus,
1083 1500 1160 1526 non
1179 1501 1263 1536 su0‚

154 1526 220 1563 sed
248 1540 348 1579 meo,
368 1531 549 1570 nomine:
570 1534 648 1585 qui
673 1548 761 1573 cum
790 1550 944 1577 omnem
964 1541 1042 1578 vim
1067 1542 1127 1580 sui
1144 1543 1266 1581 tribu-

153 1582 264 1619 natus
290 1582 331 1620 in
355 1584 444 1622 mea
461 1587 582 1625 salute
601 1591 862 1640 consumserit,
883 1605 1031 1633 necesse
1049 1602 1118 1643 est,
1139 1609 1267 1634 meam

151 1645 305 1674 causam
335 1639 514 1688 praeteriti
540 1642 719 1693 temporis
748 1656 837 1683 cum
861 1646 978 1696 hujus
1003 1650 1179 1700 praesenti
1200 1651 1265 1690 de-

151 1686 320 1728 fensione
338 1703 416 1729 esse
434 1694 689 1743 conjunctam.

202 1741 323 1782 XIV.
352 1744 450 1784 Erat
484 1747 602 1798 igitur
633 1750 674 1787 in
705 1751 812 1790 luctu
845 1761 997 1794 senatus
1013 1770 1024 1794 :
1066 1758 1263 1809 squalebat

147 1794 293 1845 civitas,
319 1799 472 1849 publico
496 1802 652 1841 consilio
681 1806 831 1844 mutata
855 1815 982 1848 veste:
1012 1811 1166 1850 nullum
1184 1819 1264 1850 erat

147 1848 273 1889 Italiae
302 1852 571 1905 municipium,
591 1857 699 1895 nulla
717 1859 876 1908 colonia,
900 1864 1009 1902 nulla
1025 1865 1269 1919 praefectura,-

146 1903 255 1942 nulla
272 1905 411 1944 Romae
429 1908 582 1947 societas
597 1912 852 1964 vectigalium,
868 1917 1022 1955 nullum
1041 1919 1260 1970 collegium,

144 1963 212 1994 aut
230 1959 448 2011 concilium,
468 1970 535 2000 aut
558 1965 715 2004 omnino
739 1967 894 2019 aliquod
919 1984 1122 2011 commune
1140 1973 1265 2011 consi-2

144 2009 256 2060 lium,
283 2014 386 2065 quod
416 2022 501 2054 tum
529 2029 606 2055 non
635 2019 1012 2064 honorificentissime
1039 2026 1262 2066 decrevisset.

143 2063 192 2102 de
210 2066 296 2105 mea
314 2069 459 2115 salute;
490 2083 578 2109 cum
599 2072 724 2112 subito
743 2075 897 2116 edicunt
915 2078 993 2118 duo
1010 2081 1198 2129 consules,
1213 2087 1257 2119 ut

143 2117 192 2155 ad
210 2131 325 2159 suum
346 2123 523 2163 vestitum
541 2134 729 2166 senatores
748 2129 923 2170 redirent.
953 2132 1055 2181 Quis
1082 2147 1258 2186 unquam

140 2173 272 2211 consul
286 2183 460 2216 senatum
476 2178 594 2230 ipsius
605 2181 761 2221 decretis
775 2196 906 2234 parere
918 2187 1115 2238 prohibuit
1127 2189 1146 2226 ?
1166 2188 1254 2239 quis

137 2231 321 2274 tyrannus
337 2230 493 2272 miseros
510 2233 642 2284 lugere
662 2236 812 2276 vetuit?
842 2239 1037 2280 Parumne
1055 2249 1125 2290 est,
1145 2241 1259 2290 Piso,
