1425 2334
435 424 657 465 ORATIO
685 427 809 467 XXV
811 429 868 468 II.

601 554 707 564 ——.

383 648 549 695 POST
585 651 908 701 REDITUM.

533 772 562 808 I
562 784 585 807 n
604 772 762 810 Senatu.

546 904 736 938 -*-—

424 1031 860 1071 ARGUMENTUM.

94 1138 204 1178 CUM
222 1138 377 1177 redisset
401 1137 440 1174 in
458 1138 605 1176 Urbem
624 1138 766 1186 Cicero,
793 1138 969 1190 postridie
989 1139 1086 1177 hanc
1105 1152 1187 1177 ora-

93 1193 235 1231 tionem
253 1192 293 1229 in
315 1198 445 1230 senatu
467 1191 614 1240 habuit,
641 1193 680 1230 in
703 1193 793 1243 qua,
818 1191 1108 1230 commemorata
1126 1195 1189 1230 be-

92 1245 217 1284 neficii
234 1245 304 1283 sibi
321 1244 453 1283 tributi
473 1245 746 1295 magnitudine,
767 1258 854 1283 cum
877 1246 1022 1283 senatui
1043 1246 1083 1282 in
1102 1246 1187 1283 uni-

91 1311 243 1337 versum
260 1298 378 1346 omni,
399 1305 482 1335 tum
502 1298 658 1349 singulis
676 1298 918 1350 quibusdam,
938 1299 1076 1348 gratias
1095 1299 1186 1349 agit.

91 1352 254 1390 Initium
272 1351 361 1390 facit
378 1364 401 1388 a
419 1351 584 1389 Lentulo
603 1360 639 1390 et
660 1352 820 1390 Metello
842 1352 1071 1398 consulibus,
1092 1365 1187 1403 quo-

91 1417 179 1444 rum
210 1405 312 1442 illius
338 1404 528 1455 praecipua
551 1417 664 1455 opera
690 1405 729 1442 in
757 1405 934 1443 Cicerone
957 1405 1186 1443 restituendo

90 1458 298 1503 enituerat;
327 1457 388 1495 hic
412 1465 553 1504 autem,
573 1458 727 1508 privatis
744 1458 947 1495 inimicitiis
968 1458 1185 1509 reipublicae

85 1511 316 1558 condonatis,
345 1523 421 1548 non
451 1510 704 1549 intercesserat
732 1512 888 1549 Lentuli
916 1511 1064 1549 actioni.
1104 1511 1184 1550 Hic

86 1564 316 1604 occasionem
333 1563 477 1614 arripit,
497 1564 546 1601 ad
570 1565 739 1602 consules
769 1564 965 1615 superioris
983 1565 1085 1611 anni,
1106 1577 1183 1615 quo

89 1619 227 1668 ejectus
262 1624 355 1663 erat,
393 1617 603 1655 Gabinium
640 1626 675 1655 et
706 1618 897 1664 Pisonem,
935 1617 1180 1667 digrediendi,

90 1683 224 1722 eosque
254 1671 430 1709 omnibus
460 1670 581 1708 modis
609 1671 783 1708 vexandi.
813 1670 942 1721 Pergit
970 1671 1104 1708 deinde
1133 1671 1182 1708 ad

88 1724 254 1763 tribunos
270 1723 404 1774 plebis,
425 1723 526 1773 quod
544 1736 688 1771 eorum,
707 1731 792 1774 post
809 1724 993 1770 consules,
1013 1723 1184 1762 maxima

88 1784 165 1816 erat
181 1776 222 1814 in
239 1777 387 1827 legibus
407 1776 567 1814 ferendis
591 1784 629 1814 et
651 1777 874 1827 abrogandis
897 1784 1087 1827 potestas3
1117 1777 1182 1814 iis-

87 1843 161 1882 que
183 1830 373 1875 omnibus,
395 1829 657 1880 imprimisque
672 1830 813 1868 Miloni
832 1838 868 1868 et
882 1830 927 1867 P.
948 1830 1091 1877 Sextio,
1112 1842 1180 1868 no-

85 1882 260 1923 minatim
288 1882 426 1932 gratias
454 1882 542 1932 agit.
585 1884 804 1934 Sequuntur
836 1883 970 1920 deinde
1005 1890 1179 1933 praetores

87 1942 226 1988 septem
253 1937 422 1978 (octavus
451 1935 552 1973 enim
573 1935 726 1987 Appius
752 1936 949 1982 Claudius,
983 1936 1029 1972 P.
1055 1936 1179 1973 Clodii

87 1991 210 2036 frater,
230 2000 254 2025 a
270 1987 423 2039 reliquis
441 1988 692 2035 dissenserat),
713 1989 779 2040 qui
790 2002 919 2027 omnes
937 1989 1176 2036 nominatim,

87 2043 211 2082 nullus
225 2048 351 2079 tamen
369 2041 568 2092 praecipue,
583 2042 798 2079 laudantur.
826 2042 862 2080 E
882 2041 1035 2092 reliquis
1049 2048 1175 2078 autem

89 2094 327 2142 senatoribus,
347 2094 458 2142 nulli,
478 2095 550 2133 nisi
579 2095 776 2145 Pompeio,
795 2095 1021 2133 nominatim
1038 2093 1175 2144 gratias

89 2149 176 2201 agit,
195 2147 259 2199 qui
276 2160 344 2199 pro
362 2147 540 2186 Cicerone
558 2147 766 2199 municipia
783 2155 820 2186 et
838 2147 1000 2188 colonias
1018 2146 1173 2193 adierat,
