1455 2343
220 60 300 98 238
454 62 567 102 PRO
598 62 866 102 PLANCIO.
897 63 1000 103 CAP.
1022 66 1086 102 22.

222 167 376 219 repulsa
391 168 535 208 factum
561 183 639 209 csse
656 171 873 209 consulem:
903 171 1010 220 vidit,
1035 171 1231 210 hominem
1257 171 1331 210 sibi

222 222 390 260 maxime
401 224 660 273 conjunctum,
669 225 862 275 egregium
875 225 1014 272 virum,
1036 226 1084 263 L.
1094 225 1328 273 Volcatium,

221 275 330 323 vidit,
351 276 412 314 M.
428 277 619 325 Pisonem,
640 279 679 316 in
699 278 769 316 ista
788 279 964 318 aedilitate
977 279 1250 318 offensiuncula
1267 291 1331 317 ac-

223 330 344 380 cepta,
365 343 533 370 summos
551 345 574 369 a
591 333 732 383 populo
752 334 928 371 Romano
946 346 1024 371 esse
1038 333 1196 371 honores
1215 332 1331 384 adep-

223 388 293 420 tos.
333 384 446 422 Avus
476 397 563 423 vero
597 394 684 424 tuus
711 394 747 424 et
778 387 823 423 P.
856 386 1006 425 Nasicae
1028 387 1099 424 tibi
1130 386 1330 425 aediliciam

222 435 440 486 praedicaret
457 439 660 490 repulsam,
675 453 750 491 quo
765 440 844 479 cive
858 440 1049 478 neminem
1069 453 1137 491 ego
1149 447 1273 478 statuo
1288 440 1330 477 in

223 489 294 528 hac
323 492 517 541 republica
539 492 755 538 fortiorein3
786 501 823 531 et
847 494 891 532 C.
913 493 1046 541 Marii,
1072 493 1330 545 qui„duabus

223 543 410 582 aedflitatis
428 546 588 597 acceptis
605 547 777 597 repulsis,
797 548 931 598 septies
950 547 1081 585 consul
1098 554 1155 585 est
1177 547 1298 584 factus
1314 560 1328 592 3

223 604 260 634 et
278 598 326 635 L.
347 598 518 647 Caesaris,
539 600 611 638 Cn.
631 600 795 646 Octavii,
820 601 881 638 M.
901 600 1053 646 Tullii3
1083 613 1178 652 quos
1195 612 1328 638 omnes

223 650 376 699 scimus,
396 653 574 691 aedilitate
591 653 810 704 praeteritos,
831 654 1001 692 consules
1020 666 1098 692 esse
1115 654 1246 692 factos.

275 705 352 743 Sed
370 705 463 756 quid
475 719 543 757 ego
557 707 733 745 aedilicias
752 708 919 758 repulsas
934 707 1069 758 colligo
1085 710 1102 746 ?
1130 721 1218 759 quae
1227 720 1329 758 saepe

222 758 409 807 ejusmodi
426 759 566 798 habitae
584 767 685 808 sunt,
706 767 749 799 ut
767 761 826 808 iis,
839 761 907 812 qui
924 761 1103 812 praeteriti
1117 768 1253 809 essent,
1265 762 1333 799 be-

221 812 336 862 nigne
355 826 378 850 a
394 815 536 864 populo
549 814 694 852 factum
707 815 904 853 videretur.
934 815 1133 853 Tribunus
1145 814 1330 863 militum,

222 864 272 902 L.
293 866 510 918 Philippus,
537 866 687 906 summa
705 869 900 907 nobilitate
918 876 955 906 et
973 868 1203 920 eloquentia,
1224 881 1331 919 quae-

220 926 298 957 stor
317 919 361 958 C.
377 921 530 968 Caelius,
547 921 772 960 clarissimus
791 935 834 960 ac
852 922 1077 960 fortissimus
1095 922 1327 968 adolescen53

219 972 363 1011 tribuni
392 975 513 1025 plebis
543 976 588 1013 P.
621 975 792 1014 Rutilius
821 976 964 1023 Rufus,
994 978 1040 1014 U.
1068 975 1253 1023 Fimbria,
1281 975 1329 1014 C.

220 1026 387 1077 Cassius,
420 1028 492 1067 Cn.
513 1028 679 1078 Orestes,
707 1029 798 1067 facti
823 1042 901 1068 non
930 1037 1020 1068 sunt
1035 1043 1046 1067 ε
1084 1042 1180 1081 quos
1201 1036 1330 1067 tamen

218 1092 351 1120 omnes
369 1083 539 1121 consules
552 1082 668 1121 factos
687 1084 826 1122 scimus
846 1097 935 1122 esse.
954 1083 1056 1131 Quae
1067 1083 1136 1122 tibi
1147 1083 1249 1121 ultro
1259 1096 1330 1134 pa-

218 1139 275 1172 ter
293 1142 330 1173 et
353 1137 514 1186 majores
525 1137 596 1184 tui,
610 1149 688 1174 non
702 1137 920 1176 consolandi
930 1137 988 1175 tui
999 1137 1134 1187 gratia,
1146 1137 1327 1185 dicerent,

217 1199 342 1239 neque
359 1202 460 1240 vero,
481 1203 558 1242 quo
576 1198 613 1229 te
632 1190 836 1229 liberarent
853 1189 982 1243 aliqua
998 1191 1125 1242 culpa„
1145 1203 1265 1244 quam
1281 1196 1328 1227 tu

219 1243 370 1291 vereris,
390 1256 438 1281 ne
456 1257 479 1282 a
496 1252 533 1283 te
551 1252 722 1296 suscepta
740 1245 937 1291 videatu13
967 1244 1032 1283 sed
1050 1252 1097 1283 ut
1113 1252 1150 1282 te
1167 1244 1217 1282 ad
1240 1256 1327 1282 cur·

217 1307 305 1333 sum
323 1297 440 1334 istum
454 1298 674 1346 tenendum,
689 1311 804 1350 quem
814 1311 839 1335 a
848 1298 975 1350 prima
992 1304 1101 1336 aetate
1118 1296 1328 1348 suscepisti,

218 1348 512 1388 cohortarentur.
547 1351 659 1389 Nihil
677 1359 734 1389 est
752 1351 869 1399 enim,
889 1351 987 1389 mihi
1004 1351 1125 1399 crede,
1145 1351 1330 1388 Lateren-

217 1402 282 1450 εἰς,
300 1404 349 1442 de
371 1411 407 1442 te
425 1404 658 1442 detractum:
689 1405 900 1443 detractum
918 1405 1001 1443 dico
1016 1407 1035 1443 ἒ
1063 1404 1095 1442 si
1111 1404 1329 1448 (mehercu-

216 1455 288 1503 les)
310 1470 409 1506 vere,
429 1458 533 1509 quod
555 1458 704 1506 accidit,
730 1458 966 1510 interpretari
984 1457 1089 1508 velis,
1111 1467 1166 1497 est
1183 1457 1328 1510 aliquid

219 1509 334 1548 etiam
353 1511 399 1549 de
417 1513 555 1550 virtute
573 1512 826 1563 significatum
845 1512 924 1550 tua.

271 1564 417 1602 XXII.
439 1565 532 1603 Noli
546 1566 648 1603 enim
660 1565 888 1614 existimare,
904 1578 981 1604 non
993 1578 1180 1617 magnum
1191 1577 1328 1617 quem-

217 1617 309 1655 dam
332 1626 483 1657 monim
508 1619 625 1657 fuisse
649 1619 752 1658 illius
777 1620 967 1670 petitionis
989 1627 1079 1668 tuae,
1103 1619 1150 1657 de
1176 1619 1256 1670 qu‘a
1279 1631 1329 1658 ne

217 1671 364 1723 aliquid
378 1674 538 1722 jurares,
558 1673 742 1711 destitisti.
771 1672 1033 1722 Denuntiasti,
1045 1673 1161 1711 homo
1178 1672 1326 1711 adoles-

216 1738 316 1774 cens,
337 1726 431 1777 quid
447 1726 495 1764 de
513 1725 664 1765 summa
681 1740 721 1765 re
745 1727 899 1777 publica
916 1727 1096 1765 sentires:
1130 1726 1265 1764 fortius
1283 1733 1327 1764 tu

215 1779 386 1830 quidem,
401 1792 519 1831 quam
536 1780 711 1819 nonnulli
729 1780 897 1818 defuncti
909 1780 1130 1826 honoribus,
1143 1779 1207 1818 sed
1217 1792 1327 1831 aper-

216 1833 306 1881 tius,
326 1846 442 1885 quam
463 1834 522 1871 vel
540 1834 755 1872 ambitionis
773 1834 832 1872 vel
850 1834 970 1873 aetatis
987 1842 1065 1872 tuae
1081 1833 1176 1872 ratio
1194 1839 1326 1884 postu-

215 1886 330 1925 labat.
360 1887 636 1936 Quamobrem,
663 1888 702 1925 in
722 1887 961 1927 dissentiente
978 1888 1135 1938 populo,
1155 1886 1235 1924 noli
1250 1899 1326 1938 pu-

216 1946 309 1987 tare,
325 1941 449 1978 nullos
460 1940 588 1989 fuisse,
604 1954 767 1992 quorum
780 1941 926 1980 animos
940 1948 1029 1978 tuus
1042 1941 1107 1978 ille
1120 1940 1226 1978 fortis
1239 1939 1322 1978 ani-

214 2004 303 2032 mus
325 1994 554 2033 offenderet:
595 1995 661 2046 qui
684 2003 720 2033 te
744 1995 941 2033 incautum
965 1994 1120 2035 fortasse
1141 2001 1234 2032 tunc
1257 2000 1325 2032 tuo

214 2047 298 2085 loco
315 2047 513 2087 demovere
532 2055 750 2100 potuerunt,
774 2048 1035 2098 providentem
1055 2054 1144 2086 ante
1165 2054 1203 2086 et
1226 2060 1324 2099 prae-

214 2108 408 2139 caventem
426 2114 624 2154 nunquam
643 2111 740 2141 certe
757 2103 976 2141 movebunt.

267 2154 335 2192 An
353 2161 390 2193 te
407 2155 473 2194 illa
491 2163 713 2206 argumenta
731 2155 923 2194 duxerunt
935 2158 954 2195 ⁴?
992 2153 1242 2203 Dubitabitis‚
1263 2153 1323 2192 in·
