1425 2334
285 89 397 128 PRO
429 89 693 128 PLANCIO.
726 89 830 127 Cir.
868 92 930 127 329.
1087 92 1162 128 2:15

59 209 171 235 urum
187 210 199 240 .·,
229 205 326 234 certe
351 208 425 234 non
455 196 566 234 modo
595 208 669 234 non
696 209 781 234 sum
810 196 1162 246 reprehendendus:

62 250 126 288 sed
145 251 273 296 etiam,
293 249 322 287 si
343 262 448 287 ruere
467 249 616 295 vellem,
638 249 726 286 boni
746 250 813 286 viri
835 263 909 296 me,
932 258 972 287 ut
992 250 1029 287 id
1049 263 1096 288 nc
1111 251 1166 287 fa-

61 315 198 349 cerem,
219 310 402 353 rogarent.
433 303 509 340 Res
529 315 613 340 vcro
631 303 713 362 ipsa
731 302 896 352 publica,
914 304 943 340 si
963 304 1065 354 loqui
1082 316 1168 353 pos-

61 364 132 403 set,
152 363 278 406 ageret
296 368 460 400 mecum,
487 363 544 403 ut,
564 356 745 406 quoniam
765 355 841 407 ειὶξ,
849 369 1048 400 serv1ssem
1069 369 1166 394 sem-

63 422 141 458 per,
162 421 360 469 nunquam
385 409 506 453 mihi;
537 409 681 447 fructus
699 416 827 446 autem
846 422 892 446 ex
919 422 996 446 sese
1016 421 1104 456 non,
1126 419 1168 446 ut

63 462 298 513 oportuisset,
313 463 418 500 laetos
432 469 469 500 et
483 464 628 523 uberes,
641 461 705 500 sed
717 475 858 512 magna
869 464 1068 500 acerbitate
1083 475 1167 513 per—

63 515 216 576 iiiiiftos,
236 515 433 559 tulissem;
463 522 507 552 ut
522 516 603 564 jam
623 515 717 552 mihi
729 515 919 562 servirem,
935 517 1167 554 consulerem

63 569 182 607 meis.
213 582 252 606 se
270 581 346 606 non
364 568 478 607 modo
496 570 585 607 satis
603 569 740 607 habere
757 582 780 607 a
798 581 874 617 me,
895 569 959 606 sed
978 569 1090 606 etiam
1108 581 1168 606 vc-

63 622 149 669 reri,
170 635 217 660 ne
235 635 371 673 parum
390 622 500 670 mihi,
516 636 584 673 pro
598 635 642 660 eo
660 622 762 673 quod
777 629 860 660 tum
878 635 901 659 a
919 635 981 660 me
999 623 1166 667 haberet,

65 675 294 714 reddidisset.
325 675 432 723 Quid
447 677 464 713 ?
485 676 516 713 si
526 676 664 714 horum
679 689 748 726 ego
760 675 855 713 nihil
867 675 1002 726 cogito,
1015 683 1052 713 et
1065 675 1166 713 idem

66 741 153 766 sum
169 729 210 766 in
224 728 432 780 republica,
445 729 511 780 qui
525 729 583 768 fui
601 742 772 780 semper;
802 736 978 767 tamenne
997 736 1038 766 tu
1057 729 1162 767 liber-

67 789 183 820 tatem
202 782 367 843 requires
388 785 546 821 meam?
576 795 693 834 quam
713 790 753 820 tu
774 783 880 833 ponis
899 783 938 820 in
953 795 1010 829 co,
1024 783 1054 820 si
1073 795 1170 820 sem-

66 848 133 887 per
150 848 239 874 cum
256 836 316 883 iis,
336 836 565 887 quibuscum
589 836 792 886 aliquando
810 836 1086 897 contendimus,
1105 836 1170 873 de-

66 902 305 939 pugnemus:
335 889 437 940 quod
457 897 511 928 cst
530 891 642 939 longe
660 902 775 927 secus.
806 890 912 927 Stare
925 890 1170 927 enimomnes

62 943 261 990 debemus,
292 950 489 994 tamquam
517 943 556 980 in
581 945 670 981 orbe
698 943 827 993 aliquo
854 942 1082 993 reipublicae,
1102 942 1170 993 qui

65 996 247 1046 quoniam
263 1003 443 1042 versatur,
458 1009 540 1034 eam
555 996 718 1047 deligere
735 1004 896 1046 partem,
909 996 957 1034 ad
969 1009 1085 1047 quam
1102 1008 1169 1033 nos

67 1049 168 1087 illius
187 1049 329 1087 utilitas
346 1050 522 1101 salusque
540 1050 772 1088 converterit.

122 1102 326 1140 XXXIX.
355 1102 441 1154 Ego
467 1110 596 1141 autem
617 1103 689 1141 Cn.
721 1103 964 1154 Pompeium,
994 1115 1070 1140 non
1089 1103 1171 1140 dico

66 1163 274 1203 auctorem,
294 1156 445 1204 ducem,
460 1156 694 1195 defensorem
706 1157 838 1194 salutis
851 1169 959 1205 meae,
972 1159 1079 1198 (nam
1093 1156 1172 1194 haec

68 1209 246 1259 privatim
274 1208 430 1248 fortasse
457 1210 666 1248 officiorum
694 1210 918 1248 memoriam
952 1218 988 1248 et
1015 1209 1175 1260 gratiam

68 1269 262 1313 quaerunt)
282 1262 348 1301 sed
366 1262 450 1302 dico
469 1263 554 1311 hoc,
579 1263 681 1314 quod
699 1263 748 1301 ad
773 1264 934 1301 salutem
960 1262 1175 1314 reipublica-

68 1315 253 1366 pertinet:
282 1328 353 1366 ego
371 1329 460 1354 eum
479 1328 553 1354 non
574 1323 694 1364 tuear,
715 1330 829 1367 quem
848 1329 979 1355 omnes
997 1317 1036 1354 in
1064 1329 1174 1366 repu-

68 1368 168 1407 blica}
180 1369 389 1420 principem
403 1382 481 1408 esse
495 1370 729 1408 concedant?
758 1370 844 1420 Ego
859 1370 904 1408 C.
921 1369 1078 1408 Caesaris
1092 1370 1116 1406 l
1108 1383 1175 1406 ιιι-

68 1422 181 1460 dibus
209 1422 343 1470 desim,
373 1436 468 1474 quas
497 1424 666 1473 primum
696 1423 829 1474 populi
860 1423 1040 1469 Romani,
1074 1435 1175 1460 nunc

67 1475 183 1513 etiam
202 1477 365 1521 senates,
385 1476 446 1514 cui
465 1488 527 1512 me
541 1475 852 1526 semper‘addixi,
874 1477 1048 1526 plurimis
1062 1483 1177 1526 atque

69 1528 312 1579 amplissimis
339 1527 491 1577 judiciis
516 1527 663 1565 videam
688 1540 765 1566 esse
794 1529 997 1566 celebratas
1011 1531 1028 1566 ,⁹
1069 1529 1172 1565 Tum

69 1581 261 1627 (hercule)
273 1594 336 1619 mc
347 1581 536 1627 confitear,
549 1593 623 1618 non
633 1581 820 1630 judicium
835 1581 989 1631 aliquod
1002 1582 1176 1619 habuisse

70 1634 119 1671 de
129 1634 346 1685 reipublicae
359 1634 534 1682 utilitate,
550 1634 614 1672 sed
628 1634 846 1673 hominibus
857 1634 1023 1673 amicum
1038 1642 1104 1674 aut
1118 1635 1176 1672 in-

72 1686 228 1725 imicum
246 1686 371 1726 fuisse.

126 1740 209 1787 An,
228 1752 315 1778 cum
327 1740 476 1778 videam
486 1753 622 1779 navem
636 1740 807 1780 secundis
820 1741 939 1780 ventis
957 1754 1107 1780 cursum
1122 1749 1175 1780 tc-

74 1800 227 1832 nentem
246 1805 374 1841 suum,
405 1793 436 1832 si
454 1806 529 1832 non
549 1806 637 1832 eum
655 1802 759 1846 petat
777 1802 944 1845 portum,
975 1807 1090 1846 quem
1109 1808 1179 1845 ego

74 1846 278 1898 aliquando
289 1847 458 1897 probavi,
479 1847 543 1885 sed
562 1847 680 1886 alium
694 1860 770 1886 non
783 1848 911 1886 minus
924 1855 1051 1886 tutum
1067 1854 1180 1898 atque

75 1900 326 1951 tranquillum
340 1913 354 1945 ς
383 1912 471 1938 cum
482 1907 704 1952 tempestate
717 1914 885 1952 pugnem
898 1901 1102 1952 periculose
1113 1914 1180 1951 po-

74 1954 164 2000 tius,
185 1965 301 2004 quam
321 1953 392 2001 illi,
413 1954 534 1993 salute
561 1955 768 2005 pracsertim
798 1954 1004 2005 proposita,
1036 1955 1182 1992 obtem-

76 2019 203 2057 perem
222 2014 260 2044 et
277 2019 431 2057 paream
445 2009 464 2045 ἓ
508 2007 646 2059 Neque
670 2008 771 2046 enim
800 2007 1045 2046 inconstantis
1074 2013 1180 2056 puto,

75 2059 316 2107 sententiam,
349 2067 547 2112 tamquam
565 2061 720 2112 aliquod
738 2061 933 2111 navigium
960 2067 1073 2110 atque
1099 2073 1183 2098 cur-

77 2124 178 2161 sum,
200 2125 247 2152 ex
272 2113 489 2164 reipublicae
513 2121 734 2167 tempestate
757 2114 954 2153 moderari.
995 2114 1080 2163 Ego
1098 2125 1184 2152 vero
