1435 2328
189 90 241 129 86
343 90 458 132 PRO
486 90 714 131 ARCHIA
743 90 952 131 POETA·
980 90 1088 131 CAP.
1107 92 1147 132 9.

186 204 244 236 105
263 198 430 250 appellat
449 201 594 251 poetas,
615 197 718 250 quod
736 198 845 250 quasi
864 198 1037 237 Deorum
1055 197 1187 250 aliquo
1202 196 1304 239 dono

189 259 304 303 atque
322 265 480 291 munere
498 252 753 290 commendati
771 252 880 291 nobis
900 266 978 291 esse
995 252 1207 291 videantur.

243 306 301 343 Sit
319 306 448 356 igitur,
472 306 632 355 judices,
654 313 827 344 sanctum
849 306 953 357 apud
972 319 1051 355 vos,
1074 306 1306 345 humanissi-

189 371 273 397 mos
287 360 474 408 homines,
490 360 561 398 hoc
579 364 701 410 poe'tae
719 373 873 403 nomen,
891 360 994 411 quod
1012 360 1120 398 nulla
1131 373 1306 411 unquam

190 413 364 451 barbaria
376 413 540 452 violavit.
565 414 667 452 Saxa
681 420 717 452 et
731 413 950 452 solitudines
965 413 1044 452 voci
1057 413 1306 465 respondent;

190 467 320 505 bestiae
345 480 443 518 saepe
467 467 653 505 immanes
672 474 784 505 cantu
808 468 1011 505 flectuntur
1035 474 1151 518 atque
1169 467 1310 506 consis-

193 526 281 558 tunt
298 536 308 558 ι
333 533 416 567 1105,
428 521 593 559 instituti
611 523 723 559 rebus
736 521 902 572 optimis,
915 533 992 559 non
1003 524 1205 572 poetarum
1218 533 1310 560 voce

194 577 444 613 moveamur?
477 575 694 612 Homerum
710 575 937 626 Colophonii
951 575 1072 613 civem
1086 587 1165 621 esse
1178 574 1311 614 dicunt

195 641 334 673 suum,
324 643 334 652 ·
366 628 455 666 Chii
481 641 595 666 suum
622 628 839 673 vindicant,
829 642 838 651 ·
879 628 1078 666 Salaminii
1105 635 1309 680 repetunt,
1297 642 1308 653 ·

195 682 384 732 Smyrnaei
406 695 493 720 vero
525 694 640 719 suum
663 694 742 719 esse
767 681 992 720 confirmant
1027 682 1174 733 (itaque
1196 683 1313 721 etiam

195 735 399 773 delubrum
420 736 501 784 ejus
520 735 560 773 in
576 735 716 795 oppido
731 735 1034 782 dedicaverunt);
1051 736 1234 786 permulti
1247 735 1314 774 alii

193 797 374 840 praeterea
392 797 567 840 pugnant
584 788 683 826 inter
703 801 755 837 50,
776 796 890 849 atque
906 789 1150 827 contendunt.

251 842 327 880 IX.
357 843 463 893 Ergo
482 843 539 880 1111
557 843 739 889 alienum,
762 856 828 893 qui
815 856 852 880 ia
869 846 982 893 poe'ta
1000 843 1088 888 fuit,
1098 850 1193 904 ‘post
1211 855 1315 882 mor-

195 902 273 934 tem
294 896 409 934 etiam
428 903 636 947 expetunt;
666 909 735 934 nos
753 896 857 934 hunc
876 896 1021 943 vivum,
1033 890 1110 947 qui
1128 904 1166 935 et
1176 898 1315 935 volun-

195 957 271 988 tate
291 957 327 988 et
345 950 493 1001 legibus
516 957 642 988 noster
661 957 729 997 est,
756 950 1066 1001 repudiabimus.
1057 953 1074 978 ⁹
1105 951 1314 1002 praesertim

196 1017 285 1042 eum
305 1017 417 1042 omne
436 1004 528 1041 olim
551 1004 722 1042 studium
741 1011 855 1055 atque
876 1016 990 1042 omne
1008 1004 1208 1054 ingenium
1226 1017 1317 1043 con..

195 1058 325 1095 tulerit
331 1057 494 1096 Archias
509 1057 558 1096 ad
575 1058 709 1109 populi
728 1058 897 1095 Romani
910 1058 1072 1108 gloriam
1085 1057 1318 1110 laudemque

198 1112 476 1150 celebrandam.
508 1112 614 1149 Nam
634 1119 670 1149 et
690 1111 899 1149 Cimbricas
918 1125 976 1149 res
994 1111 1208 1150 adolescens
1228 1113 1319 1150 atti-

198 1166 280 1216 git3
307 1172 344 1203 et
368 1166 442 1216 ipsi
459 1165 517 1202 illi
541 1165 585 1203 C.
607 1165 750 1213 Mario,
771 1165 839 1215 qui
861 1165 990 1203 durior
1015 1165 1064 1203 ad
1086 1165 1167 1204 haec
1191 1166 1317 1205 studia

198 1219 411 1265 videbatur,
429 1219 623 1268 jucundus
643 1218 729 1256 fuit.
760 1219 900 1269 Neque
919 1219 1022 1256 enim
1042 1219 1247 1270 quisquam
1261 1227 1319 1259 est

199 1279 280 1310 tam
292 1285 444 1310 aversus
460 1286 482 1310 a
495 1272 637 1319 Musis,
653 1271 720 1323 qui
739 1284 815 1309 non
835 1272 1010 1310 mandari
1021 1273 1193 1311 versibus
1212 1280 1320 1312 00101·-

199 1338 295 1363 num
308 1338 462 1363 suorum
471 1326 647 1363 laborum
658 1326 767 1363 facile
775 1326 1006 1376 praeconium
1012 1326 1191 1387 patiatur.
1213 1327 1321 1366 The-

200 1380 412 1417 mistoclem
436 1379 564 1426 ilium,
593 1391 790 1417 summum
815 1379 982 1417 Athenis
1010 1380 1150 1428 virum,
1180 1380 1319 1421 dixisse

200 1434 322 1481 aiunt,
353 1446 441 1470 cum
468 1446 516 1470 ex
537 1446 580 1471 eo
611 1439 856 1484 quaereretur,
891 1433 1008 1481 Quod
1032 1447 1220 1482 acroama,
1251 1441 1319 1474 aut

201 1488 311 1536 cujus
324 1500 466 1534 vocem,
488 1487 735 1524 libentissime
747 1486 920 1532 audiret,
910 1501 919 1510 ·
944 1490 971 1510 ‘⁶
985 1487 1100 1536 Ejus,
1120 1501 1144 1526 a
1157 1501 1234 1539 quo
1249 1501 1319 1528 sua

200 1541 320 1579 virtus
333 1540 476 1591 optime
487 1540 765 1591 praedicaretur.
770 1541 794 1558 ”
826 1541 963 1592 Itaque
977 1541 1042 1578 ille
1055 1541 1207 1580 Marius
1224 1542 1318 1581 item

200 1595 339 1632 eximie
359 1595 406 1631 L.
429 1595 600 1632 Plotium
620 1594 768 1642 dilexit,
784 1595 893 1643 cujus
910 1594 1063 1645 ingenio
1081 1597 1243 1647 putabat
1260 1609 1319 1645 ea,

201 1662 288 1700 quae
306 1655 485 1699 gesserat,
505 1661 615 1699 posse
635 1648 827 1686 celebrari.

256 1702 567 1740 Mithridaticum
586 1715 673 1740 vero
698 1702 859 1748 bellum,
879 1713 1067 1752 magnum
1086 1709 1202 1754 atque
1221 1702 1322 1742 diffia

201 1755 285 1803 cile,
313 1763 352 1793 et
375 1756 415 1792 in
440 1756 565 1793 multa
591 1755 770 1793 varietate
793 1755 892 1793 terra
913 1756 1087 1807 marique
1111 1763 1319 1806 versatum,

201 1817 326 1848 totum
345 1811 392 1847 ab
412 1810 483 1847 hoc
503 1822 726 1860 expressum
746 1816 824 1847 est:
851 1808 919 1860 qui
936 1809 1025 1847 libri
1043 1822 1120 1848 non
1139 1810 1255 1848 modo
1269 1811 1320 1850 L.

201 1863 429 1909 Lucullum,
448 1863 699 1901 fortissimum
711 1869 748 1901 et
763 1862 1016 1901 clarissimum
1034 1864 1175 1910 virum,
1187 1877 1322 1903 verum

201 1917 317 1955 etiam
346 1916 481 1968 populi
511 1916 680 1954 Romani
716 1928 870 1963 nomen,
903 1916 1108 1956 illustrant.
1149 1918 1324 1969 Populus

202 1971 305 2008 enim
320 1971 520 2008 Romanus
535 1970 699 2021 aperuit,
716 1970 882 2008 Lucullo
896 1969 1122 2022 imperante,
1137 1972 1322 2022 Pontum,

203 2031 240 2062 et
254 2024 366 2075 regiis
380 2024 575 2075 quondam
588 2023 739 2075 opibus,
756 2031 792 2062 et
806 2024 891 2075 ipsit
903 2025 1041 2063 natura
1054 2025 1231 2076 regionis,
1243 2026 1325 2064 val-

201 2078 350 2116 latum:
382 2078 517 2129 populi
542 2077 712 2116 Romani
740 2078 939 2125 exercitus,
960 2079 1093 2117 eodem
1116 2079 1227 2140 (11100,
1245 2091 1325 2118 non

204 2131 377 2170 maxima
394 2144 514 2170 manu
528 2131 826 2170 innumerabiles
833 2132 1112 2171 Armeniorum
1123 2132 1253 2195 copias
1263 2133 1329 2171 fu-

204 2185 289 2226 dit:
330 2185 464 2239 populi
492 2185 660 2226 Romani
687 2185 772 2225 laus
797 2192 866 2234 est,
892 2187 1027 2227 urbem
1057 2186 1327 2231 amicissimam
