1389 2339
134 487 240 534 ‘DE
273 480 654 532 PROVINCIIS
688 466 1206 524 CONSULARIBUS.

189 606 222 643 Ι.
253 606 298 643 Si
331 605 416 654 quis
441 603 619 647 vestrum,
646 603 768 649 patres
792 589 1002 640 conscripti,
1026 590 1231 636 exspectat,

134 673 227 711 quas
239 658 309 696 sim
321 655 529 708 provincias
539 654 767 695 decreturus,
780 645 984 684 consideret
995 642 1074 691 ipse
1089 649 1232 682 secum,

135 712 203 764 qui
230 711 327 748 mihi
347 709 519 747 homines
548 720 594 744 ex
623 701 821 755 provinciis
841 696 1082 749 potissimum
1110 691 1237 730 detra-

135 765 250 804 hendi
279 764 376 802 sint:
405 774 481 799 non
504 757 705 803 dubitabit,
732 753 825 806 quid
846 763 909 788 me
937 747 1072 786 sentire
1101 755 1234 782 conve-

135 819 228 866 niat,
259 830 362 862 cum,
389 814 481 866 quid
506 813 601 850 mihi
632 808 766 848 sentire
794 816 941 843 necesse
962 801 1024 848 sit,
1050 795 1232 848 cogitarit.

133 873 209 918 Ac,
230 872 260 909 si
290 870 462 921 princeps
488 879 570 904 eam
590 861 811 903 sententiam
836 858 1011 900 dicerem,
1030 848 1233 889 laudaretis

131 926 323 976 profect03
353 922 384 960 si
402 922 516 968 solus,
533 927 629 957 certe
642 911 888 966 ignosceretis.
918 908 1049 946 Etiam
1068 904 1099 942 si
1116 901 1232 953 paulo

131 978 259 1016 minus
277 976 380 1014 utilis
398 974 503 1012 vobis
522 969 706 1010 sententia
718 966 920 1009 videretur,
935 959 1086 999 veniam
1104 962 1231 993 tamen

131 1031 299 1082 aliquam
328 1027 446 1066 dolori
475 1038 561 1064 meo
585 1020 809 1062 tribueretis.
838 1017 956 1054 Nunc
982 1023 1084 1057 vero,
1108 1015 1232 1059 patres

130 1082 342 1135 conscripti,
362 1093 437 1119 non
457 1078 573 1130 parva
591 1075 730 1114 afficior
747 1073 954 1121 voluptate,
970 1065 1029 1104 vel
1047 1061 1150 1115 quod
1162 1061 1234 1098 hoc

131 1137 299 1175 maxime
323 1133 539 1186 reipublicae
560 1127 748 1172 conducit,
772 1124 922 1175 Syriam
947 1114 1233 1159 Macedoniam-

133 1203 208 1241 que
222 1189 383 1235 deeerni,
402 1193 446 1224 ut
463 1185 569 1223 dolor
585 1194 694 1220 meus
708 1179 804 1217 nihil
822 1190 845 1214 a
861 1171 1055 1214 communi
1072 1167 1235 1207 utilitate

133 1243 351 1286 dissentiam
380 1240 439 1278 vel
463 1237 563 1290 quod
590 1237 711 1273 habeo
735 1237 926 1270 auctorem
950 1227 996 1264 P.
1018 1220 1236 1266 Servilium,

137 1297 206 1347 qui
233 1303 321 1335 ante
349 1307 411 1332 me
436 1290 656 1331 sententiam
679 1285 792 1329 dixit,
822 1283 948 1321 virum
973 1275 1237 1317 clarissimum,

137 1357 175 1387 et
193 1361 279 1387 cum
299 1348 339 1387 in
363 1346 577 1385 universam
605 1338 892 1391 rempublicam,
911 1341 996 1370 tum
1019 1329 1133 1368 etiam
1152 1337 1240 1375 erga

138 1415 264 1441 meam
282 1401 457 1447 salutem,
477 1397 552 1434 fide
570 1407 613 1433 ac
630 1388 891 1432 benevolentia
910 1382 1104 1436 singulari.
1195 1380 1197 1382 ’

189 1454 307 1502 Quod
335 1453 367 1492 si
390 1453 454 1492 ille
484 1460 521 1488 et
550 1447 666 1499 paulo
691 1452 791 1489 ante,
816 1450 853 1480 et
873 1438 1183 1492 quotiescumque
1207 1430 1241 1469 ei

140 1512 243 1547 locus
258 1506 405 1544 dicendi
423 1517 466 1542 ac
483 1508 646 1554 potestas
660 1498 748 1545 fuit,
764 1494 974 1533 Gabinium
989 1497 1026 1528 et
1044 1487 1239 1531 Pisonem,

140 1563 217 1600 duo
234 1559 449 1610 reipublicae
466 1561 651 1608 portenta,
666 1564 709 1589 ac
722 1561 830 1602 paene
846 1547 994 1591 funera,
1010 1545 1116 1585 (cum
1129 1551 1243 1590 prop-

143 1623 200 1653 ter
217 1614 309 1652 alias
337 1623 480 1658 causas,
502 1615 588 1646 tum
611 1604 778 1643 maxime
798 1607 950 1653 propter
973 1594 1073 1634 illud
1096 1592 1245 1641 insigne

145 1668 263 1707 scelus
292 1677 436 1712 eorum,
467 1670 504 1700 et
531 1661 789 1711 importunam
812 1655 853 1692 in
880 1665 944 1691 me
968 1647 1244 1689 crudelitatem)

141 1721 220 1759 'non
239 1719 363 1757 solum
382 1714 564 1756 sententia
582 1712 664 1759 sua,
684 1710 748 1748 sed
770 1708 884 1747 etiam
902 1705 1103 1744 verborum
1122 1696 1246 1749 gravi-

145 1780 236 1821 tate,
262 1784 339 1810 esse
363 1768 546 1808 notandos
572 1764 745 1818 putavit3
774 1771 942 1812 quonam
967 1768 1030 1794 me
1053 1753 1181 1791 animo
1202 1749 1244 1786 in

145 1837 208 1866 'eos
227 1837 304 1864 esse
322 1829 480 1875 oportet,
496 1821 604 1869 cujus
620 1817 678 1855 illi
695 1816 858 1855 salutem
874 1824 944 1863 pro
957 1810 1114 1860 pignore
1131 1801 1247 1841 tradi.

148 1880 286 1917 derunt
313 1877 361 1915 ad
383 1873 586 1927 expiandas
608 1883 694 1910 suas
721 1866 942 1919 cupiditates
957 1865 975 1901 Ρ
1005 1859 1079 1899 Sed
1098 1868 1181 1908 ego,
1206 1855 1247 1892 in

143 1935 214 1972 hac
239 1929 422 1970 sententia
446 1926 617 1972 dicenda,
647 1935 723 1961 non
751 1921 890 1973 parebo
911 1914 1030 1954 dolori
1054 1923 1154 1956 meo,
1174 1920 1246 1946 nec

141 1984 345 2024 iracundiae
359 1982 529 2021 serviam.
558 1978 649 2026 Quo
663 1976 790 2015 animo
804 1968 1067 2021 unusquisque
1080 1963 1246 2005 vestrum

144 2039 264 2077 debet-
282 2049 360 2076 esse
388 2035 428 2072 in
457 2034 555 2080 illos,
588 2032 660 2069 hoc
687 2041 776 2067 cro:
805 2023 1040 2077 praecipuum
1069 2017 1180 2055 illum
1209 2020 1247 2052 et

144 2091 338 2143 proprium
358 2100 509 2127 sensum
528 2085 666 2124 doloris
679 2082 770 2129 mei,
787 2090 901 2131 quem
920 2083 1046 2113 tamen
1065 2082 1130 2109 vos
1144 2079 1246 2106 com-

145 2157 300 2182 munem
316 2154 462 2193 semper
473 2140 578 2178 vobis
588 2137 738 2176 mecum
750 2146 828 2172 esse
842 2127 1018 2173 duxistis,
1031 2139 1054 2163 a
1064 2119 1247 2162 sententia

143 2196 300 2237 dicenda
319 2196 500 2236 amovebo
517 2207 530 2241 ς
560 2192 608 2232 ad
625 2185 828 2230 ulciscendi
846 2192 1015 2234 tempora
1038 2174 1252 2218 reservabo:
