1425 2334
314 92 427 132 PRO
454 92 625 133 DOMO
653 93 995 133 SUA.cA1›.34.
1127 95 1196 133 161

101 199 277 238 Romano
293 210 440 250 semper
454 199 525 238 sim
536 199 725 246 defensus,
741 200 1006 265 amplificatus,
1021 207 1200 239 ornatus‘
1187 229 1201 246 ‚

99 252 193 304 quid
211 260 279 299 est,
303 265 419 303 quare
437 253 638 304 quisquam
657 253 753 291 mihi
771 266 823 301 se,
847 253 930 304 ipsa
951 254 1124 304 populari
1144 267 1204 292 ra-

100 305 213 353 tione,
229 312 453 356 anteponat
443 307 461 333 ⁹

151 358 220 396 An
238 365 280 395 tu
305 358 491 409 populum
509 359 729 397 Romanum
753 372 829 397 esse
853 359 964 396 illum
987 366 1113 409 putas,
1135 360 1202 410 qui

97 418 243 450 constat
261 424 308 450 ex
326 412 372 449 iis
391 412 457 463 qui
474 413 644 450 mercede
662 412 923 450 conducuntur
939 414 955 450 P
986 412 1052 463 qui
1067 413 1201 463 impel-

101 465 246 510 luntur,
268 472 312 502 ut
329 465 407 503 vim
425 465 582 503 afferant
605 465 886 516 magistratibus
901 467 918 503 Ρ
948 473 991 503 ut
1009 465 1202 503 obsideant

100 520 306 557 senatum?
334 525 464 569 optent
475 519 641 569 quotidie
653 519 805 565 caedem,
818 518 1002 566 incendia,
1019 519 1168 569 rapinas
1183 521 1200 556 ἒ

100 583 216 622 quem
234 577 277 609 tu
298 577 424 609 tamen
448 573 648 622 populum,
674 572 745 610 nisi
768 571 930 610 tabernis
953 571 1100 619 clausis,
1128 572 1202 609 fre-

99 630 280 675 quentare
305 636 381 662 non
403 632 574 674 poteras;
604 624 665 663 cui
691 625 832 676 populo
857 625 968 663 duces
992 625 1202 671 Lentidios,

99 676 257 724 Lollios,
279 677 508 728 Plaguleios,
528 678 690 728 Sergios,
716 678 943 728 praefeceras.
982 677 1020 716 Ο
1041 678 1200 728 speciem

95 729 394 781 dignitatemque
405 731 535 782 populi
548 731 727 778 Romani,
741 744 856 782 quam
869 743 987 781 reges,
1004 744 1120 781 quam
1135 743 1202 768 na-

98 783 216 821 tiones
224 789 372 830 exterae,
381 797 496 834 quam
509 791 637 834 gentes
648 785 807 832 ultimae,
816 784 1092 835 pertimescant,
1101 784 1202 821 mul-

97 836 297 874 titudinem
322 836 521 874 hominum
540 850 587 875 ex
606 838 732 884 servis,
753 850 799 875 ex
822 837 1026 883 conductis,
1046 849 1093 874 ex
1111 836 1201 874 faci-

99 889 254 936 norosis,
276 902 323 927 ex
341 890 548 939 egentibus,
569 898 831 941 congregatam
850 891 859 927 !

151 942 227 980 1113
254 941 328 980 fuit
351 943 591 993 pulchritudo
611 944 743 994 populi
762 943 942 989 Romani,
971 943 1038 980 illa
1061 942 1197 989 forma,

97 1007 214 1047 quam
235 995 274 1032 in
293 996 440 1047 Campo
459 996 583 1034 vidisti
601 1004 699 1044 tum,
719 1009 807 1035 cum
832 996 945 1034 etiam
971 995 1054 1042 tibi,
1074 1003 1201 1033 contra

97 1050 245 1087 senatus
263 1049 452 1099 totiusque
470 1049 592 1087 Italiae
610 1050 868 1087 auctoritatem
888 1056 925 1086 et
943 1048 1126 1095 studium,
1142 1048 1199 1085 di-

97 1101 205 1140 cendi
222 1109 383 1152 potestas
400 1102 485 1140 fuit.
515 1103 601 1150 Ille,
618 1103 681 1139 ille
699 1103 864 1153 populus
883 1109 938 1140 est
956 1102 1132 1139 dominus
1143 1114 1201 1139 re-

96 1168 204 1205 gum,
218 1155 334 1193 victor
351 1162 465 1206 atque
482 1155 684 1205 imperator
697 1155 870 1193 omnium
884 1155 1070 1206 gentium,
1084 1167 1198 1204 quem

94 1208 162 1246 ino
179 1208 382 1246 clarissimo
401 1208 474 1256 die,
495 1209 681 1256 scelerate,
702 1208 828 1246 vidisti
845 1216 943 1254 tum,
965 1220 1051 1245 cum
1071 1219 1201 1244 omnes

96 1261 280 1312 principes
293 1261 465 1309 civitatis,
480 1273 609 1299 omnes
626 1261 801 1298 ordinum
814 1268 927 1312 atque
946 1267 1099 1298 aetatum
1115 1273 1198 1297 om-

96 1314 219 1362 nium,
248 1314 471 1365 suffragium
495 1327 547 1363 se,
574 1327 648 1351 non
671 1314 718 1352 de
740 1314 842 1362 civis,
867 1314 933 1352 sed
951 1314 998 1351 de
1022 1313 1194 1360 civitatis,

97 1368 217 1407 salute
228 1367 323 1405 ferre
333 1369 552 1413 censebant,
574 1380 661 1405 cum
673 1367 835 1418 denique
844 1367 1041 1405 homines
1031 1379 1069 1404 m
1083 1366 1198 1404 Cam-

97 1433 206 1473 pum,
222 1433 297 1458 non
316 1420 530 1470 tabernis,
514 1421 579 1459 sed
596 1421 824 1472 municipiis,
849 1420 983 1458 clausis
1002 1427 1195 1458 venerunt.

149 1473 352 1513 XXXIV.
391 1474 477 1512 Hoc
505 1487 573 1525 ego
597 1474 752 1525 populo,
778 1474 808 1512 si
833 1481 916 1510 tum
941 1473 1109 1511 consules
1131 1479 1198 1510 aut

96 1528 252 1568 fuissent
269 1527 309 1564 in
327 1527 531 1578 republica,
552 1534 618 1565 aut
635 1527 789 1565 omnino
803 1538 879 1564 non
898 1526 1068 1572 fuissent,
1091 1526 1198 1563 nullo

96 1584 236 1630 labore,
255 1587 322 1620 tuo
339 1580 521 1632 praecipiti
541 1580 658 1618 furori
679 1586 792 1631 atque
812 1579 930 1630 impio
947 1579 1074 1617 sceleri
1092 1579 1198 1617 resti-

97 1636 238 1674 tissem.
274 1633 348 1672 Sed
373 1634 564 1684 publicam
583 1645 734 1671 causam
753 1640 881 1671 contra
899 1632 976 1671 vim
995 1639 1194 1678 armatam,

97 1689 178 1728 sine
194 1686 326 1738 populi
342 1687 527 1738 praesidio,
551 1686 736 1737 suscipere
754 1686 883 1724 nolui.
873 1699 883 1709 ·
914 1697 989 1723 non
1008 1698 1084 1736 quo
1102 1685 1197 1722 mihi

100 1742 147 1780 Ρ.
167 1740 363 1791 Scipionis,
377 1740 570 1778 fortissimi
587 1740 670 1787 viri,
690 1739 746 1778 vis
765 1739 912 1787 intima,
928 1738 1065 1789 privati
1076 1738 1198 1775 homi-

99 1795 172 1844 nis,
191 1793 423 1844 displiceret.
453 1793 518 1831 sed
536 1792 719 1843 Scipionis
736 1792 879 1830 factum
897 1791 1023 1830 statim
1044 1791 1089 1829 P.
1102 1791 1198 1828 Mu-

99 1848 178 1887 eius
196 1846 340 1893 consul,
359 1845 426 1897 qui
444 1846 483 1883 in
501 1845 664 1896 gerenda
687 1859 726 1884 re
744 1845 897 1897 publica
914 1846 1119 1896 putabatur
1137 1843 1198 1880 fu-

97 1901 172 1940 isse
189 1899 349 1949 segnior,
364 1906 508 1949 gestam
521 1899 652 1937 multis
666 1901 831 1937 senatus·
833 1898 1010 1936 consultis
1027 1909 1103 1935 non
1117 1908 1199 1933 mo-

98 1955 149 1993 do
171 1951 350 1999 defendit,
373 1952 438 1990 sed
462 1953 575 1990 etiam
597 1952 769 1991 ornavit:
802 1951 898 1989 1111111
916 1957 996 1998 aut,
1023 1957 1059 1988 te
1082 1950 1196 1986 inter-

98 2007 209 2055 fecto,
225 2017 313 2044 cum
331 2005 558 2053 oonsulibus,
578 2012 658 2053 aut,
678 2012 716 2044 te
734 2005 832 2053 vivo,
852 2011 890 2043 et
908 2011 1033 2042 tecum
1051 2009 1088 2041 et
1105 2013 1193 2040 cum

98 2060 186 2108 illis,
206 2058 320 2098 armis
337 2058 602 2096 decertandum
621 2058 704 2097 fuit.

151 2113 273 2152 Erant
287 2124 330 2150 eo
346 2118 512 2162 tempore
528 2112 651 2150 multa
668 2112 781 2150 etiam
795 2110 870 2149 alia
887 2107 1098 2148 metuenda.
1126 2106 1194 2144 Ad

96 2179 219 2210 servos
237 2165 400 2209 (medius
411 2164 539 2210 fidius)
559 2178 614 2204 res
632 2177 720 2216 perv
723 2165 882 2204 enisset·
908 2169 1057 2201 tantum
1075 2159 1198 2200 homi-

863 2228 887 2255 1‘
907 2218 932 2252 3
