1435 2328
225 92 301 137 ιοο
425 93 571 145 Pos'r
600 94 874 139 REDITUM
903 94 938 134 1.
967 94 1074 138 cu.
1102 96 1144 137 ες

221 199 403 251 imperiis,
417 202 564 241 senatui
577 203 795 255 populoque
814 203 992 241 Romano
1006 214 1084 240 non
1098 207 1153 240 es't
1166 200 1335 248 licitum}

222 264 300 291 non
328 255 443 292 modo
475 257 667 294 sententiis
697 266 811 308 atque
841 256 1060 294 auctoritate
1084 255 1168 302 sua,
1195 254 1260 292 sed
1286 267 1335 295 ne

222 305 329 345 luctu
356 308 512 359 quidem
535 323 578 348 ac
603 311 753 357 vestitu,
781 309 997 361 reipublicae
1020 308 1229 347 subvenire.
1260 307 1335 346 Ca-

221 372 358 410 puaene
377 369 413 400 te
430 366 606 414 putabas,
621 364 662 402 in
681 365 758 415 qua
773 366 867 401 urbe
880 363 1116 401 domicilium
1135 361 1331 412 quondam

223 415 409 465 superbiae
426 417 514 463 fuit,
530 419 723 456 consulem
738 430 816 455 esse
835 417 948 460 (sicut
966 429 1046 454 eras
1064 429 1107 454 eo
1126 423 1328 466 tempore),

223 479 272 504 an
298 468 449 518 Romae,
476 471 516 507 in
546 472 624 522 qua
647 471 796 509 civitate
819 483 949 508 omnes
974 477 1061 507 ante
1078 482 1145 508 vos
1164 469 1334 507 consules

224 522 371 559 senatui
390 532 598 573 paruerunt
615 527 631 563 ?

276 574 343 613 Tu
369 588 406 614 es
432 590 560 624 ausus,
590 578 631 615 in
655 578 764 616 Circo
789 576 980 615 Flaminio
1004 576 1224 627 productus,
1245 587 1334 614 cum

223 634 289 666 tuo
317 628 383 666 illo
402 631 484 680 pari
502 631 636 678 dicere,
657 640 694 669 te
724 645 874 682 semper
890 630 1170 668 misericordem
1189 628 1332 667 fuisse?

223 694 300 732 quo
320 684 433 721 verbo
459 692 647 732 senatum,
674 691 789 735 atque
812 697 942 722 omnes
965 686 1096 730 bonos,
1122 690 1222 729 tum,
1246 695 1335 720 cum

222 747 246 772 a
264 736 387 785 patria
407 745 560 788 ¹pestem
586 738 829 788 depellerent,
857 737 1024 776 crudeles
1049 737 1334 774 demonstrabas

222 787 351 826 fuisse.
381 790 447 828 Tu
467 791 674 829 misericors
685 805 761 839 me,
777 791 930 829 affinem
944 797 1070 836 tuum,
1085 803 1214 841 quem,
1230 802 1334 829 comf-

223 841 300 880 itiis
332 843 422 891 tuis,
454 845 713 895 praerogativae
742 845 912 895 primum
942 843 1135 882 custodem
1160 843 1336 894 praefecem

223 907 298 941 tas,
329 909 445 947 quem
469 898 646 937 Calendis
671 899 699 937 J
701 898 848 936 anuarii
876 898 985 936 tertio
1003 898 1085 935 loco
1112 896 1337 935 sententiam

223 949 392 999 rogaras,
424 952 668 990 constrictum
692 952 853 989 inimicis
875 951 1092 1003 reipublicae
1120 950 1335 988 tradidisti?

225 1008 269 1039 tu
296 1016 426 1041 meum
452 1019 650 1056 generum,
676 1006 937 1057 propinquum
960 1015 1088 1052 tuum,
1112 1010 1155 1041 tu
1184 1004 1337 1041 affinem

224 1062 347 1104 tuam,
379 1058 499 1096 filiam
531 1072 672 1106 meam,
707 1059 982 1110 superbissimis
1010 1066 1047 1096 et
1071 1057 1337 1096 crudelissimis

225 1110 348 1153 verbis
368 1124 390 1149 a
408 1112 567 1162 genibus
586 1113 660 1151 tuis
679 1112 880 1163 repulisti?
907 1112 1086 1163 idemque
1098 1118 1155 1158 tu,
1171 1111 1336 1149 clemen-

225 1162 280 1201 tia
298 1177 341 1202 ac
359 1165 614 1203 misericordia
636 1166 832 1216 singulari,
853 1178 943 1205 cum
969 1178 1052 1215 ego,
1073 1165 1153 1202 una
1171 1177 1260 1202 cum
1279 1177 1338 1202 re·-

226 1216 393 1267 publicfi,
425 1232 502 1256 non
527 1220 742 1266 tribunicio,
764 1220 827 1257 sed
853 1218 1040 1257 consulari
1061 1218 1139 1256 ictu
1158 1217 1339 1259 concidis,-

221 1282 321 1316 sem,
342 1278 447 1309 tanto
467 1273 615 1319 scelere,
640 1273 822 1323 tantaque
840 1270 1131 1323 intemperantia
1154 1271 1273 1318 fuisti,
1294 1279 1338 1309 ut

227 1335 274 1361 ne
289 1337 406 1362 unam
421 1326 576 1377 quidem
589 1327 721 1364 horam
735 1327 910 1364 iuteresse
922 1334 1090 1376 paterere
1103 1325 1201 1362 inter
1212 1337 1340 1364 meam

227 1385 373 1427 pestem
398 1387 434 1416 et
460 1387 566 1417 tuam
585 1380 782 1430 praedam;
813 1380 947 1417 saltem
966 1379 1060 1416 dum
1083 1378 1341 1419 conticesceret

225 1430 294 1469 illa
323 1431 543 1470 lamentatio
575 1442 612 1470 et
641 1434 805 1483 gemitus
833 1433 949 1471 urbis.
993 1432 1181 1470 Nondum
1210 1432 1340 1482 palam

226 1483 373 1522 factum
388 1493 467 1527 erat
486 1486 660 1524 occidisse
679 1487 969 1537 rempublicam,
993 1498 1081 1524 cum
1099 1486 1170 1524 tibi
1187 1485 1342 1524 arbitria

226 1536 370 1582 funeris
389 1540 642 1578 solvebantur.
674 1541 763 1578 Uno
783 1540 991 1591 eodemque
1016 1546 1185 1590 tempore
1202 1539 1341 1582 domus

223 1602 315 1630 mea
333 1591 592 1642 diripiebatur,
615 1593 794 1638 ardebat3
824 1595 926 1631 bona
943 1593 992 1630 ad
1016 1593 1186 1631 vicinum
1205 1605 1341 1630 consu-

229 1643 309 1681 lem
327 1645 373 1682 de
393 1646 554 1694 Palatio,
575 1647 622 1684 de
641 1647 863 1685 Tusculano
881 1647 930 1684 ad
948 1646 1040 1684 item
1059 1646 1228 1686 vicinum
1246 1646 1342 1683 alte-

227 1710 317 1735 rum
350 1701 556 1749 consulem,
577 1700 869 1745 deferebantur-3
910 1713 1013 1746 cum,
1050 1699 1186 1741 iisdem
1218 1699 1342 1749 operis

221 1751 455 1802 suffragium
473 1753 692 1802 ferentibus,
711 1754 842 1791 eodem
856 1753 1062 1804 gladiatore
1075 1753 1206 1800 latore,
1222 1756 1341 1791 vacuo

221 1816 307 1845 non
325 1806 439 1844 modo
468 1820 491 1844 a
509 1807 632 1852 bonis,
663 1807 728 1845 sed
751 1807 865 1845 etiam
893 1820 916 1844 a
932 1806 1076 1853 liberis,
1100 1813 1213 1857 atque
1236 1805 1342 1843 inani

228 1857 325 1905 foro,
354 1859 485 1909 ignaro
504 1861 646 1911 populo
675 1862 852 1898 Romano
881 1860 975 1911 quid.
997 1867 1182 1910 ageretur,
1209 1867 1342 1897 senatu

229 1924 318 1949 vero
348 1925 523 1963 oppresso
547 1921 583 1951 et
608 1913 760 1961 afflicto,
787 1914 936 1951 duobus
958 1913 1086 1964 impiis
1114 1912 1342 1963 nefariisque

228 1966 449 2004 consulibus
486 1967 677 2015 aerarium,
707 1967 925 2019 provinciae,
954 1967 1134 2017 legiones,
1166 1966 1340 2017 imperia,

224 2018 484 2060 donabantur.

222 2111 225 2116 Δ
286 2072 410 2111 VIII.
441 2074 596 2112 Horum
615 2074 816 2113 consulum
827 2074 957 2112 ruinas
971 2087 1051 2122 vos,
1064 2073 1248 2120 consules,
1261 2086 1343 2112 ves-

224 2124 290 2167 tra
310 2126 449 2165 virtute
476 2127 650 2175 fulsistis,
672 2128 825 2166 summa
846 2128 1088 2166 tribunorum
1109 2127 1230 2178 plebis
1248 2140 1344 2177 prae-

224 2186 436 2233 torumque
450 2181 540 2227 ,fide
559 2188 603 2227 ‘et
631 2181 830 2233 diligentia.
847 2181 1044 2226 sublevati.
1074 2180 1183 2229 Quid
1207 2180 1344 2231 egodfi
