1455 2343
210 101 288 140 266
478 101 598 141 PRO·
623 100 848 142 SEXTIO.
879 101 984 140 CM».
1013 103 1050 139 5.

205 217 312 249 metu
331 210 483 249 Sextius
495 209 690 249 liberasset
705 223 717 255 ς
735 210 884 249 Urbem
899 217 1051 248 senatus
1065 217 1179 262 atque
1189 222 1320 250 omnes

206 264 311 311 boni,
326 263 566 315 deprehensis
581 271 696 315 atque
709 264 897 315 oppressis
909 263 1122 303 domesticis
1134 264 1317 311 hostibus,

205 330 269 356 me
299 318 408 366 duce,
441 331 490 356 ex
519 317 695 369 periculis
725 317 904 356 maximis
936 318 1210 363 extraxissent3
1250 331 1321 370 ego

207 371 325 410 literis
345 384 434 410 eum
453 371 589 423 Capua
607 371 795 418 arcessivi,
816 384 906 410 cum
929 371 997 409 illo
1019 372 1183 411 exercitu
1203 385 1319 424 quem

210 433 295 464 tum
325 438 455 464 secum
484 426 649 464 habebat
665 439 675 463 ε
717 426 857 476 quibus
888 425 950 463 hic
978 425 1096 464 literis
1123 426 1242 475 lectis,
1271 426 1320 464 ad

208 481 357 518 Urbem
377 479 574 518 confestim
588 479 799 517 incredibili
811 479 998 518 eeleritate
1015 479 1216 519 advolavit.
1245 481 1322 518 At-

208 546 296 585 que,
317 540 362 571 ut
378 534 482 572 illius
501 533 681 584 temporis
701 532 935 571 atrocitatem
953 533 1138 572 recordari
1156 533 1320 585 possitis,

208 587 337 625 audite
355 587 496 636 literas,
512 594 550 625 et
568 593 732 626 vestram
754 586 979 625 memoriam
997 587 1046 625 ad
1063 587 1208 626 timoris
1225 601 1322 639 prae-

207 641 308 680 teriti
327 641 595 692 cogitationem
614 640 786 679 excitate.

457 728 624 771 (Literoe
647 728 859 777 Ciceronis,
878 729 1073 776 consulis.)

216 826 219 829 -
263 803 316 842 V.
338 803 426 842 Hoc
439 802 604 842 adventu
618 802 663 840 P.
677 802 812 850 Sextii,
824 801 1066 841 tribunorum
1077 802 1198 854 plebis
1209 815 1324 843 novo-

211 870 313 908 rum,
333 857 402 909 qui
424 863 524 905 tum,
551 857 731 895 extremis
753 856 888 895 diebus
917 857 1131 896 consulates
1149 858 1238 904 mei,
1267 871 1325 896 res

212 925 287 958 eas,
321 924 416 963 quas
448 923 652 961 gesseram,
686 923 823 949 vexare
858 910 1076 962 cupiebant,
1113 911 1326 964 reliquique

210 965 480 1015 conjurationis
504 965 670 1016 impetus
685 972 722 1003 et
743 970 899 1003 conatus
918 972 1008 1003 sunt
1029 965 1219 1004 retardati.
1247 966 1324 1012 Ac,

211 1027 459 1071 posteaquam
485 1026 540 1057 est
558 1019 793 1057 intellectum
821 1019 996 1067 (Catone,
1017 1019 1170 1058 tribuno
1191 1020 1325 1071 plebis,

212 1074 416 1112 fortissimo
446 1080 561 1125 atque
585 1073 731 1124 optimo
762 1072 855 1119 cive,
885 1073 1161 1124 rempublicam
1197 1074 1327 1112 defen-

212 1128 358 1177 dente),
388 1141 456 1179 per
482 1127 663 1179 seipsum,
695 1134 869 1165 senatum
893 1128 1159 1178 populumque
1182 1128 1327 1166 Raoma-

214 1195 324 1231 num,
345 1182 426 1220 sine
443 1181 613 1219 militum
631 1181 818 1232 praesidio,
840 1181 938 1219 tueri
960 1181 1069 1219 facile
1086 1182 1325 1232 majestatem

214 1249 338 1282 suam,
359 1243 397 1274 et
415 1235 639 1286 dignitatem
659 1248 791 1273 eorum
814 1235 882 1286 qui
900 1235 1064 1273 salutem
1083 1248 1325 1273 communem

212 1290 381 1341 periculo
400 1302 468 1328 suo
487 1289 768 1334 defendissent3
799 1289 968 1336 Sextius,
989 1301 1078 1327 cum
1092 1289 1159 1326 illo
1171 1302 1240 1327 suo
1258 1303 1326 1327 ex-

214 1344 346 1390 ercitu,
371 1344 524 1381 summa
556 1343 743 1381 celeritate
768 1350 824 1381 est
852 1342 1070 1380 Antonium
1093 1352 1326 1382 consecutus.

216 1398 296 1436 Hic
315 1410 385 1448 ego
403 1397 497 1448 quid
515 1396 730 1448 pr'aedicem,
758 1395 898 1447 quibus
915 1396 979 1434 hic
1002 1398 1115 1434 rebus
1133 1398 1327 1435 consulem

215 1452 264 1489 ad
296 1464 377 1489 rem
409 1450 614 1502 gerendam
637 1450 838 1488 excitarit?
868 1457 961 1501 quot
990 1450 1164 1488 stimulos
1197 1450 1328 1490 admo-

215 1505 310 1543 verit
338 1504 499 1552 homini,
526 1504 692 1543 studioso
719 1504 887 1542 fortassis
910 1503 1088 1552 victoriae,
1113 1504 1179 1542 sed
1201 1511 1328 1543 tamen

218 1559 382 1597 nimium
416 1571 660 1597 communem
687 1557 857 1596 Martem
885 1558 1053 1609 bellique
1094 1571 1225 1596 casum
1249 1571 1329 1597 me-

218 1613 339 1651 tuenti
357 1616 374 1651 ?
405 1613 588 1663 Longum
600 1619 654 1650 est
669 1625 713 1650 ea
725 1612 847 1650 dicere
861 1627 871 1650 z
902 1612 968 1650 sed
981 1612 1053 1650 hoc
1066 1613 1180 1650 breve
1191 1612 1327 1651 dicam.

218 1667 260 1705 Si
280 1667 341 1704 M.
364 1667 504 1705 Petreii
528 1678 605 1704 non
635 1667 822 1705 excellens
850 1666 978 1704 animo
998 1673 1035 1704 et
1057 1678 1185 1704 amore
1203 1667 1329 1718 reipu-
1361 1711 1363 1713 ¹

216 1721 340 1768 blicae,
361 1733 436 1758 non
462 1727 643 1771 praestans
661 1720 702 1758 in
720 1719 914 1771 republica
931 1720 1064 1768 virtus,
1084 1732 1162 1758 non
1180 1733 1332 1759 summa

217 1775 417 1812 auctoritas
437 1774 541 1825 apud
559 1774 712 1822 milites,
732 1787 809 1812 non
827 1774 1010 1813 mirificus
1028 1787 1120 1812 usus
1141 1774 1182 1812 in
1200 1788 1241 1812 re
1258 1775 1332 1812 mi-

220 1828 322 1866 litari
349 1828 564 1876 exstitisset,
589 1840 713 1879 neque
732 1828 882 1877 adjutor
901 1828 934 1866 ei
961 1828 1007 1865 P.
1028 1827 1180 1867 Sextius
1198 1827 1247 1866 ad
1265 1841 1332 1866 ex-

219 1882 415 1921 citandum
451 1881 685 1929 Antonium,
719 1882 1009 1929 cohortandum,
1039 1881 1330 1933 impellendum,

221 1935 380 1982 fuisset3
410 1936 520 1975 datus
539 1936 606 1974 illo
623 1936 664 1973 in
682 1936 783 1974 bello
802 1944 896 1974 esset
913 1935 1030 1974 hiemi
1047 1935 1178 1982 locus3
1208 1948 1332 1988 neque

221 2002 394 2042 unquam
415 1990 580 2029 Catilina
605 1992 711 2033 (cum
736 2003 755 2027 e
780 1990 919 2041 pruiufr
945 1989 1158 2041 Apennini,
1178 1996 1293 2042 atque
1311 2002 1332 2028 e

222 2044 372 2083 nivibus
405 2044 481 2082 illis
514 2043 737 2089 emersisset,
772 2052 901 2095 atque,
939 2050 1108 2082 aestatem
1145 2043 1332 2094 integram

222 2106 368 2145 nactus,
392 2098 514 2137 Italiae
533 2098 646 2136 calles
666 2105 703 2135 et
721 2106 912 2148 pastorum
935 2098 1084 2136 stabula
1110 2096 1330 2148 [praeclara]

222 2153 395 2202 cepisset)
416 2152 494 2190 sine
524 2152 647 2189 multo
677 2152 873 2202 sanguine..
902 2165 943 2190 ac
976 2151 1055 2189 sine
1077 2151 1191 2190 totius
1212 2150 1334 2189 Italiae

224 2206 395 2244 vastitate
416 2206 641 2253 miserrima,
663 2205 892 2244 concidisset.
