1425 2334
334 95 448 136 PRO
467 96 500 135 F
503 94 703 136 LACCO.
733 95 837 135 cn».
858 97 924 134 28.
1127 94 1181 139 27

77 200 260 240 aemulari.
299 202 416 242 Hisce
433 204 554 242 utitur
570 203 829 242 laudatoribus
848 203 1022 250 Flaccus,
1048 201 1109 240 his
1125 201 1187 239 in-

76 255 260 294 nocentiae
270 257 441 306 testibus,
451 265 495 296 ut
507 257 727 296 Graecorum
737 256 950 308 cupiditati,
965 256 1188 294 Graecorum

76 308 234 356 auxilio,
254 310 482 349 resistamus.

130 361 315 401 XXVII.
346 364 594 425 Quamquam
614 364 699 416 quis
717 364 879 414 ignorat,
900 363 969 423 qui
985 363 1100 401 modo
1114 374 1188 401 un-

77 427 196 465 quam
225 416 462 455 mediocriter
491 431 548 456 res
573 418 662 455 istas
686 418 787 456 scire
805 417 961 464 curavit,
993 416 1087 467 quin
1117 416 1189 454 tria

79 468 300 507 Graecorum
312 482 450 520 genera
464 471 538 508 sint
553 484 659 509 vere.
651 474 668 499 9
698 484 862 522 quorum
879 470 947 508 uni
962 477 1052 507 sunt
1065 469 1190 507 Athe-

79 521 240 569 nienses,
263 537 348 574 quae
366 537 458 574 gens
478 525 621 562 Ionum
642 525 878 562 habebatur.
910 524 1042 561 AEoles
1067 523 1188 570 alteri,

79 573 203 612 Dores
222 577 335 623 tertii,
355 578 663 615 nominabantur.
691 579 824 628 Atque
838 577 919 615 haec
931 584 1066 615 cuncta
1082 576 1190 613 Grae-

79 627 150 674 cia,
171 642 258 679 quae
276 630 394 678 fama,
416 644 503 681 quae
516 632 651 682 gloria,
665 644 752 682 quae
764 630 947 676 doctrina,
965 643 1051 681 quae
1069 628 1191 681 pluri«

79 680 152 718 mis
171 683 330 729 artibus,
351 697 437 735 quae
457 685 571 722 etiam
596 684 756 735 imperio
775 692 812 722 et
828 684 964 721 bellica
982 683 1096 721 laude
1121 683 1191 720 flo-

78 734 170 782 ruit,
190 749 351 786 parvum
364 737 571 798 quemdam
590 739 717 775 locum
734 741 794 780 (ut
808 737 924 784 scitis)
945 737 1113 787 Europae
1133 743 1189 773 te-

78 795 156 834 net,
178 801 402 841 semperque
421 791 555 828 tenuit.
585 791 692 829 Asiae
704 791 936 828 maritimam
956 803 1075 837 oram,
1088 789 1190 827 bello

79 850 310 892 superatam,
332 844 450 881 cinxit
468 844 641 891 urbibus,
666 856 743 882 non
762 851 806 881 ut
823 843 1014 881 munitam
1033 842 1188 881 coloniis

77 893 184 931 illam
203 904 370 946 augeret,
392 897 456 934 sed
468 905 512 934 ut
522 899 713 935 obsessam
726 904 878 934 teneret.
909 897 1187 943 Quamobrem,

78 960 206 998 quaeso
224 963 247 987 a
265 950 383 997 vobis,
404 950 565 988 Asiatici
585 957 709 998 testes,
725 958 782 996 ut,
800 963 886 987 cum
903 963 988 987 vere
1001 948 1187 987 recordari

78 1001 224 1048 voletis,
234 1010 421 1053 quantum
431 1004 660 1042 auctoritatis
672 1004 711 1041 in
721 1003 909 1052 judicium
918 1002 1094 1049 afferatis,
1104 1014 1188 1039 vos-

77 1062 156 1092 met
173 1055 246 1106 ipsi
264 1055 480 1094 describatis
497 1057 633 1094 Asiam
650 1071 661 1101 3
691 1069 774 1103 nec,
795 1056 888 1107 quid
907 1056 1126 1106 alienigenae
1140 1055 1188 1092 de

76 1108 182 1145 vobis
200 1109 307 1159 loqui
332 1109 488 1156 soleant,
517 1110 583 1147 sed
606 1110 699 1160 quid
718 1116 863 1148 vosmet
888 1109 962 1159 ipsi
987 1109 1033 1146 de
1052 1121 1188 1159 genere

74 1167 196 1199 vestro
226 1162 412 1210 statuatis,
444 1163 703 1201 memineritis.
745 1164 940 1213 Namque,
971 1170 1016 1199 ut
1040 1162 1188 1212 opinor,

74 1213 174 1252 Asia
192 1222 314 1253 vestra
325 1223 469 1254 constat
483 1229 530 1254 ex
544 1217 728 1267 Phrygia,
744 1216 890 1267 Mysia,
905 1215 1032 1263 Caria,
1047 1215 1187 1266 Lydia.

76 1267 222 1306 Utrum
240 1268 357 1319 igitur
374 1276 545 1307 nostrum
565 1277 633 1318 est,
661 1283 709 1307 an
729 1277 910 1316 vestrum,
940 1269 1012 1306 hoc
1036 1280 1190 1319 prover-

76 1320 200 1370 bium,
221 1321 417 1373 Phrygem
444 1323 567 1374 plagis
586 1323 667 1361 fieri
686 1324 803 1361 solere
821 1323 1041 1360 meliorem.
1032 1324 1049 1349 9
1080 1320 1189 1369 Quid

76 1373 124 1411 de
142 1375 222 1412 tota
241 1374 375 1414 Caria,
366 1378 383 1403 9
412 1388 538 1414 nonne
555 1376 627 1414 hoc
646 1377 770 1415 vestra
789 1389 878 1414 voce
896 1376 1097 1426 vulgatum
1117 1381 1186 1422 est,

76 1426 109 1465 si
127 1428 222 1478 quid
239 1441 327 1466 cum
346 1429 514 1480 periculo
532 1430 694 1481 experiri
713 1429 850 1478 velis,‘
840 1441 880 1466 m
900 1429 997 1467 Care
1015 1428 1055 1466 id
1073 1428 1190 1479 potis-

77 1479 219 1519 simum
238 1495 316 1520 esse
341 1482 579 1522 faciendum.
570 1486 588 1511 9
623 1483 732 1530 Quid
756 1496 867 1534 porro
891 1483 932 1519 in
959 1482 1093 1520 Graeco
1112 1494 1190 1519 ser·

39 1564 44 1568 .
76 1545 190 1572 mone
208 1542 288 1573 tam
303 1536 436 1573 tritum
450 1544 566 1588 atque
578 1537 809 1575 celebratum
820 1542 890 1583 est,
907 1548 1039 1586 quam,
1057 1535 1088 1573 si
1101 1535 1188 1586 quis

77 1587 283 1638 despicatui
294 1589 458 1637 ducitur,
472 1598 516 1627 ut
531 1590 735 1641 Mysorum
748 1590 907 1627 ultimus
921 1602 1000 1626 esse
1011 1588 1158 1626 dicatur
1168 1590 1187 1627 Ρ

78 1640 185 1678 Nam
204 1642 298 1692 quid
317 1655 386 1693 ego
403 1643 528 1681 dicam
547 1643 594 1681 de
605 1643 756 1694 Lydia.
747 1645 764 1671 9
794 1643 880 1694 quis
892 1654 1065 1703 unquam
1079 1642 1188 1679 Grae-

77 1706 143 1732 cus
161 1696 383 1733 comoediam
402 1696 560 1747 scripsit,
580 1697 620 1734 in
641 1710 718 1747 qua
738 1709 865 1734 servus
878 1696 1090 1747 primarum
1101 1708 1190 1746 par-

76 1747 175 1785 tium
193 1760 270 1786 non
296 1749 432 1800 Lydus
452 1756 571 1789 esset.
562 1752 579 1778 9
619 1749 910 1828 Quamobrem,
917 1762 1004 1800 quae
1022 1749 1127 1787 vobis
1145 1748 1191 1785 fit

75 1799 230 1850 injuria,
262 1802 293 1840 si
318 1803 533 1850 statuimus,
560 1810 682 1841 vestro
707 1803 815 1841 nobis
843 1802 986 1852 judicio
1009 1802 1189 1840 standum

77 1866 156 1892 esse
180 1854 227 1892 de
252 1855 386 1894 vobis?
427 1856 623 1907 Equidem
651 1856 747 1894 mihi
774 1857 856 1916 jam
883 1855 970 1894 satis
1001 1867 1189 1906 superque

76 1906 214 1945 dixisse
232 1908 360 1946 videor
373 1909 419 1947 de
430 1910 601 1948 Asiatico
619 1922 754 1970 genere
773 1909 950 1947 testium.
981 1909 1046 1946 sed
1061 1916 1190 1946 tamen

75 1968 242 1998 vestrum
262 1969 330 2008 est,
347 1963 507 2011 judices,
528 1963 669 2010 omnia,
691 1976 777 2014 quae
795 1962 869 2000 dici
883 1969 1042 2013 possunt
1060 1962 1100 1999 in
1119 1961 1189 1998 ho-

75 2013 225 2051 minum
236 2014 466 2062 levitatem,
456 2017 761 2063 inconstantiam,-
769 2015 1042 2076 cupiditatem,
1040 2013 1188 2052 etiamsi

73 2079 97 2104 a
120 2079 184 2107 me
208 2067 337 2106 minus
361 2069 553 2117 dicuntur,
573 2069 706 2108 vestris
735 2069 872 2107 animis
901 2075 939 2106 et
963 2068 1187 2119 cogitatione

73 2120 401 2171 comprehendere.

80 2195 84 2198 ·
127 2172 336 2212 XXVIII.
365 2175 545 2226 Sequitur
563 2175 647 2214 auri
659 2175 727 2213 ina
739 2174 883 2213 invidia
897 2174 926 2213 J
928 2172 1065 2212 udaiei.
1096 2171 1185 2211 Hoc
