1398 2343
171 84 252 121 :³96
310 81 387 120 DE
408 80 679 120 PROVINC.
701 79 938 121 CONSUL.
967 80 1073 119 CAP.
1096 79 1157 120 19.

171 189 361 237 concione,
382 201 461 235 vos,
474 189 550 227 mei
565 201 712 241 semper
730 188 1005 240 cupidissimos,
1025 189 1063 226 in
1080 187 1282 240 Capitolio,

162 245 219 282 ad
234 257 359 282 meam
375 243 535 287 salutem
546 243 715 281 incitavit
729 257 740 286 ς
770 243 801 280 si
815 242 978 294 denique
990 243 1062 281 Cn.
1079 243 1285 294 Pompeius

172 298 274 336 idem
292 297 388 334 mihi
407 297 510 334 testis
528 296 574 335 de
594 297 787 334 voluntate
809 296 982 343 Caesaris,
1001 302 1039 334 et
1056 308 1212 347 sponsor
1230 303 1284 333 est

168 352 231 389 1111
250 351 297 389 (10
315 350 426 395 111οἓι;
457 362 582 387 nonne
601 350 705 388 vobis
728 349 868 395 videor,
889 357 926 387 et
950 349 1078 387 ultimi
1104 349 1283 400 temporis

169 405 436 450 recordatione,
453 410 490 441 et
506 404 672 455 proximi
690 403 888 450 memori-22,
903 403 1075 441 medium
1087 402 1184 440 illud
1198 403 1283 440 tris·

169 458 358 496 tissimum
377 464 528 508 tempus
546 457 694 503 debere,
707 457 738 494 si
753 469 800 494 ex
820 469 947 494 rerum
959 456 1095 494 natura
1110 468 1186 493 non
1197 469 1283 506 pos·

172 525 259 550 sum
279 512 449 557 evellere,
465 524 513 548 ex
531 510 659 548 animo
678 510 834 560 quidem
853 516 952 547 certe
969 509 1169 547 excidere?
1198 509 1285 560 Ego

170 578 272 613 vero,
288 566 319 602 si
336 565 433 602 mihi
447 576 523 601 non
542 564 629 601 licet
646 576 714 614 per
732 563 902 614 aliquos
892 570 945 600 113
959 563 1134 613 gloriari,
1139 575 1202 601 me
1220 563 1287 600 do-

171 619 290 657 lorem
310 626 424 678 atque
443 617 658 655 inimicitias
681 629 784 654 meas
809 616 1026 667 reipublicae
1051 616 1284 677 concessisse,

171 673 275 723 quod
293 671 424 722 magni
449 671 648 720 cujusdam
673 669 839 708 hominis
864 677 901 708 et
921 670 1165 721 persapientis
1182 670 1286 708 vide-

173 735 262 771 tui-3
293 733 378 763 utar
396 725 481 770 hoc,
509 725 613 775 quod.
636 736 713 762 non
734 731 814 761 tam
833 723 883 762 ad
899 723 1054 761 laudem
1079 723 1286 774 adipiscen-

174 779 279 823 dam,
300 791 417 830 quam
447 778 497 815 ad
518 777 713 816 vitandam
735 777 1064 828 vituperationem,
1083 777 1198 823 valet,
1217 777 1286 816 ho-

174 833 319 871 minem
338 845 400 870 me
419 844 498 869 esse
519 840 685 882 gratum,
707 838 743 869 et
761 843 838 868 non
863 830 978 868 modo
1005 830 1119 868 tantis
1145 831 1287 869 benefi-

172 887 253 934 ciis,
270 886 335 924 sed
354 885 468 924 etiam
484 885 663 923 mediocri
681 884 885 923 hominum
897 883 1172 932 benevolentia,
1185 897 1288 924 com-

173 940 329 978 moveri.

228 994 349 1032 XIX.
377 993 418 1032 A
438 993 528 1032 viris
545 992 758 1032 fortissimis
780 1000 817 1031 et
835 993 882 1030 de
899 1004 963 1031 me
986 992 1129 1044 optime
1145 992 1289 1030 meritis

175 1048 407 1099 quibusdam
431 1055 532 1098 pet0,
554 1055 611 1093 ut,
632 1047 664 1085 si
682 1060 751 1097 ego
765 1047 849 1084 illos
866 1058 1040 1084 meorum
1059 1046 1233 1084 laborum
1253 1054 1290 1084 et

176 1101 505 1140 incommodorum
524 1101 724 1152 participes
743 1113 821 1138 esse
839 1099 960 1147 nolui,
980 1111 1029 1137 ne
1047 1098 1104 1136 illi
1120 1111 1184 1137 me
1203 1112 1288 1137 sua-

175 1169 264 1193 rum
295 1155 579 1192 inimicitiarum
611 1154 754 1192 socium
792 1153 910 1191 velint
939 1165 1040 1191 esse·
1029 1181 1041 1196 ,
1082 1153 1289 1203 praesertim

175 1222 265 1247 cum
283 1209 380 1246 mihi
406 1208 522 1246 iidem
547 1208 604 1245 illi
629 1207 888 1254 concesserint,
908 1214 952 1244 ut
977 1206 1092 1244 etiam
1118 1214 1201 1244 acta
1223 1207 1290 1244 illa

177 1262 350 1307 Caesaris,
372 1275 459 1312 quae
476 1273 600 1313 neque
618 1260 836 1312 oppugnavi
854 1267 966 1298 antea
982 1272 1106 1310 neque
1123 1259 1289 1320 defendi,

176 1328 262 1353 meo
278 1317 358 1364 jam
371 1317 457 1364 jure
475 1315 616 1365 possim
635 1314 845 1352 defendere.
876 1314 982 1351 Nam
1001 1313 1143 1351 summi
1162 1313 1290 1350 civita-

175 1369 223 1406 tis
236 1369 319 1416 viri,
336 1381 501 1419 quorum
516 1381 585 1428 ego
597 1367 751 1406 consilio
769 1367 1046 1427 rempublicam
1060 1367 1290 1411 conservavi,

178 1430 215 1460 et
243 1435 407 1473 quorum
430 1422 651 1459 auctoritate
678 1421 786 1458 illam
811 1420 1116 1469 conjunctionem
1135 1419 1292 1457 Caesaris

175 1475 320 1538 defugi,
340 1475 468 1512 ,Iulias
490 1475 606 1524 leges,
627 1481 664 1512 et
682 1481 832 1512 caeteras
854 1473 921 1510 illo
948 1473 1101 1511 consule
1128 1481 1292 1523 rogatas,

175 1531 262 1579 jure
279 1529 375 1566 latas
399 1529 613 1578 negabant.
643 1527 759 1565 iidem
778 1527 885 1564 illam
904 1526 1212 1577 proscriptionem
1233 1539 1292 1564 ca-

178 1583 282 1644 pitis·
297 1583 386 1630 mei,
414 1589 543 1620 contra
569 1581 732 1619 salutem
750 1580 981 1631 reipublic-ae,
1008 1580 1075 1617 sed
1094 1579 1206 1618 salvis
1225 1593 1292 1617 au-

178 1636 317 1697 spiciis,
327 1642 497 1686 rogatam
513 1647 592 1672 esse
606 1635 791 1673 dicebant
814 1634 953 1684 Itaque
965 1633 1023 1671 vir
1037 1632 1191 1671 summa
1204 1645 1294 1671 auc-

180 1690 344 1736 toritate,
376 1701 529 1727 summa
565 1687 795 1739 eloquentia,
826 1687 924 1725 dixit
954 1686 1132 1737 graviter,
1163 1698 1293 1724 casum

179 1745 291 1797 illum
311 1755 456 1789 meum,
469 1742 585 1779 funus
600 1755 678 1780 esse
690 1740 922 1792 reipublicae,
935 1740 1000 1778 sed
1010 1740 1128 1778 funus
1142 1741 1293 1791 justum

180 1806 218 1835 et
234 1796 435 1834 indictum.
464 1795 601 1833 Mihi
591 1795 664 1846 ipsi
688 1795 843 1833 omnino
865 1793 1198 1845 perhonorificum,
1218 1793 1294 1830 dis-

181 1863 326 1888 cessum
345 1862 477 1888 meum
495 1849 613 1887 funus
646 1848 720 1887 (lici
749 1847 978 1900 reipublicae.
1019 1847 1187 1898 Reliqua
1217 1859 1294 1884 non

181 1904 439 1954 *eprehendog
469 1903 535 1941 sed
562 1902 672 1949 mihi,
693 1902 742 1939 ad
763 1901 804 1938 id
831 1901 935 1952 quod
964 1900 1099 1947 sentio,
1127 1912 1294 1938 assumo.

170 1959 304 2004 νΝ3111,
325 1957 355 1994 si
374 1956 471 1994 illud
489 1958 577 2006 jure
604 1962 780 2010 rogatum
810 1955 933 1992 dicere
954 1954 1037 1992 ausi
1068 1960 1171 2000 sunt,
1192 1953 1295 2004 quod

181 2011 289 2048 nullo
315 2011 492 2060 exemplo
523 2009 604 2047 fieri
631 1986 769 2060 potuit,
800 2008 909 2046 nulla
939 2008 1023 2058 lege
1053 2007 1174 2049 licuit,
1205 2006 1296 2057 quia

181 2076 295 2101 Lemo
324 2063 371 2100 de
394 2063 486 2101 coelo
515 2063 705 2107 servarat;
734 2062 891 2100 oblitine
921 2068 1041 2107 erant,
1071 2067 1171 2104 tum,
1206 2072 1294 2097 cum

182 2118 260 2163 ille,
282 2116 405 2166 quiid
434 2123 574 2166 egerat,
595 2116 766 2167 plebeius
794 2123 848 2153 est
864 2115 960 2175 lege
985 2113 1129 2152 curiata
1155 2113 1292 2155 sactus

182 2147 260 2208 dici⁷
276 2170 322 2208 dc
341 2171 432 2209 coelo
452 2183 530 2207 csse
553 2183 627 2208 ser
627 2178 776 2208 atum.
807 2168 874 2219 qui
894 2168 923 2206 si
943 2168 1114 2219 plebeius
1139 2166 1293 2204 omnino
