1425 2334
232 89 346 132 PRO
369 90 597 131 ARCHIA
625 90 1033 139 12013'1=A.1ci1›.4.1¹
1132 89 1185 133 ai

81 193 185 241 culli,
204 207 293 234 cum
310 204 554 248 praetextatus
567 197 681 236 etiam
695 204 779 235 tum
793 196 956 235 Archias
969 202 1076 244 esset,
1096 207 1190 235 eum,

81 245 239 285 domum
258 261 367 287 suam
385 259 614 301 receperunt.
642 251 717 290 Sed
739 250 852 288 etiam
877 250 948 287 hoc
965 262 1040 286 non
1059 248 1185 286 solum

79 298 222 349 ingenii
240 314 282 340 ac
298 303 508 351 literarum,
532 317 663 343 verum
683 304 796 342 etiam
815 312 958 340 naturae
976 309 1090 351 atque
1108 301 1186 338 vir-

79 352 183 399 tutis,
207 352 334 406 [fuit,]
349 363 393 394 ut
409 356 558 404 domus,
572 370 657 408 quae
668 357 783 406 hujus
795 355 1050 394 adolescentiae
1061 354 1186 405 prima

77 403 203 453 fuerit,
216 408 346 446 eadem
358 417 452 447 esset
462 410 753 448 familiarissima
765 409 954 447 senectuti.
979 408 1075 445 Erat
1088 416 1183 444 tem-

79 458 233 508 poribus
257 460 331 499 illis
353 462 545 510 jucundus
564 463 614 510 Q.
635 463 795 501 Metello
814 463 870 499 illi
898 461 1119 506 Numidico,
1147 467 1185 496 et

78 512 158 559 ejus
183 512 253 551 Pio
277 514 378 553 filio:
415 516 636 554 audiebatur
665 529 688 554 a
719 516 780 553 M.
809 515 969 553 AEmilio
984 528 993 551 ε
1031 513 1181 551 vivebat

76 575 163 601 cum
187 565 237 612 Q.
259 567 409 616 Catulo,
436 576 473 606 et
494 577 612 620 patre,
633 576 670 606 et
689 570 790 606 filio:
821 582 843 606 a
862 568 910 606 L.
931 568 1064 605 Crasso
1083 567 1180 603 colc-

76 617 209 656 batur:
248 619 430 661 Lucullos
459 635 558 670 vero,
583 630 619 661 et
646 622 834 669 Drusum,
859 629 896 658 et
921 620 1114 667 Octavios,
1142 626 1179 656 et

75 669 272 720 Catonem,
293 680 330 712 et
342 681 460 714 totam
481 675 772 713 Hortensiorum
791 675 948 713 domum
967 673 1181 711 devinctam

72 726 339 764 consuetudine
350 739 437 765 cum
451 735 602 775 teneret,
613 729 842 768 afficiebatur
854 739 1003 764 summo
1014 726 1176 770 honore;

73 777 176 827 quod
194 791 281 816 eum
300 792 375 817 non
394 782 517 818 solum
536 783 720 826 colebant,
740 781 807 832 qui
826 779 970 830 aliquid
988 779 1178 830 percipere

69 837 185 883 atque
206 832 338 871 audire
362 834 580 884 studebant,
608 847 739 873 verum
772 834 899 881 etiam,
928 833 958 870 si
986 832 1053 883 qui
1079 833 1176 869 forte

72 883 314 923 simulabant.

123 937 198 975 IV.
227 938 399 987 Interim,
416 942 503 979 satis
513 942 626 992 longo
637 941 847 990 intervallo,
863 953 952 978 cum
971 945 1064 977 esset
1082 950 1170 976 cum

69 989 113 1027 L.
137 991 301 1030 Lucullo
318 993 358 1030 in
378 994 544 1032 Siciliam
570 995 770 1046 profectus,
797 1001 834 1032 et
852 1007 939 1031 cum
959 1005 1006 1030 ex
1024 991 1066 1030 eti
1084 1004 1176 1042 pro-3

68 1043 190 1081 vincia
201 1058 289 1082 cum
301 1046 430 1084 eodem
439 1048 602 1086 Lucullo
609 1048 812 1095 decederet,
824 1047 924 1085 venit
934 1046 972 1083 H
978 1046 1174 1082 eracleam.

68 1095 168 1142 Quae
186 1110 273 1135 cum
293 1107 387 1137 esset
405 1100 533 1138 civitas
548 1101 760 1151 aequissimo
775 1102 862 1149 jure
880 1112 922 1137 ac
939 1099 1089 1146 foedere,
1105 1097 1173 1134 ad-

64 1149 177 1187 scribi
201 1163 240 1188 se
262 1152 303 1188 in
330 1165 413 1190 eam
438 1154 626 1191 civitatem
654 1153 773 1192 voluit
788 1168 799 1190 :
828 1153 957 1203 idque,
982 1163 1071 1190 cum
1091 1151 1171 1200 ipse

63 1214 131 1252 per
158 1216 196 1240 se
225 1204 361 1255 dignus
389 1214 598 1256 putaretur,
629 1214 714 1244 tum
743 1206 960 1244 auctoritate
986 1211 1022 1242 et
1047 1203 1170 1254 gratia

64 1255 232 1304 Luculli,
261 1259 309 1295 ab
329 1259 643 1297 Heracleensibus
665 1260 891 1310 impetravit.
922 1258 1025 1295 Data
1044 1264 1099 1294 est
1117 1256 1169 1293 ci-

63 1308 156 1346 vitas
168 1310 311 1348 Silvani
325 1312 407 1362 lege
422 1320 458 1350 et
470 1313 666 1360 Carbonis,
689 1315 716 1335 “
733 1313 773 1351 Si
788 1313 855 1363 qui
873 1310 1059 1349 foederatis
1078 1309 1170 1347 civi-

62 1362 202 1402 tatibus
214 1363 389 1415 adscripti
402 1365 584 1411 fuissent;
612 1367 643 1403 si
662 1375 759 1413 tum,
777 1378 863 1403 cum
882 1366 945 1403 lex
964 1364 1165 1409 ferebatur,

60 1413 100 1451 in
114 1416 226 1453 Italia
240 1416 474 1456 domicilium
488 1419 707 1457 habuissent
720 1433 731 1464 3
757 1426 808 1467 et,
829 1419 861 1455 si
879 1417 1075 1467 sexaginta
1088 1416 1167 1454 die-

59 1467 130 1506 bus
145 1469 247 1519 apud
260 1478 456 1520 praetorem
469 1480 590 1509 essent
598 1472 793 1522 professi.''
820 1472 920 1509 Cum
936 1471 997 1507 hic
1008 1469 1169 1507 domici-

57 1520 153 1558 lium
173 1523 308 1560 Romae
325 1524 464 1562 multos
485 1526 566 1574 jam
585 1537 701 1563 annos
719 1526 886 1573 haberet,
906 1524 1093 1574 professus
1112 1529 1168 1560 est

55 1574 158 1624 apud
170 1583 380 1625 praetorem,
389 1579 440 1625 Q.
452 1578 670 1625 Metellum,
684 1578 1020 1616 familiarissimum
1036 1588 1164 1613 suum.

58 1655 62 1658 -
109 1628 151 1665 Si
165 1628 262 1667 nihil
279 1630 397 1678 aliud,
413 1631 485 1668 nisi
498 1631 544 1669 de
563 1631 710 1670 civitate
729 1644 772 1669 ac
789 1631 886 1681 lege,
906 1630 1081 1676 dicimus,
1102 1629 1162 1666 ni-

55 1679 112 1717 hil
129 1680 212 1720 dico
225 1683 412 1733 amplius:
443 1696 555 1722 causa
568 1685 667 1722 dicta
680 1691 735 1722 est
751 1699 760 1722 ε
792 1684 885 1734 quid
903 1683 1004 1721 enim
1023 1682 1162 1720 horum

55 1732 252 1783 infirmari,
280 1736 403 1783 Grati,
428 1740 580 1788 potest?
610 1737 852 1775 Heracleaene
881 1749 958 1774 esse
985 1743 1069 1772 tum
1095 1735 1164 1772 ad-

55 1786 237 1837 scriptum
255 1789 440 1839 negabis?
473 1790 598 1828 Adest
615 1790 672 1828 vir
696 1788 847 1828 summa
871 1788 1103 1835 auctoritate,
1125 1795 1163 1825 et

54 1839 248 1889 religione,
273 1848 310 1878 et
330 1842 418 1890 fide,
445 1843 506 1880 M.
528 1843 727 1891 Lucullus,
756 1844 824 1894 qui
849 1855 887 1881 se
904 1855 980 1880 non
999 1841 1158 1892 opinari,

54 1891 119 1929 sed
137 1892 254 1939 scire3
283 1905 358 1931 non
373 1895 570 1943 audivisse,
584 1896 649 1935 sed
663 1897 797 1935 vidisse
810 1909 821 1941 ;
843 1908 918 1933 non
933 1894 1158 1941 interfuisse,

55 1944 120 1982 sed
139 1946 269 1995 egisse,
290 1947 391 1985 dicit.
426 1949 583 1987 Adsunt
611 1950 877 1987 Heracleenses
902 1948 1030 1998 legati,
1051 1947 1160 1984 nobi-

52 1998 187 2035 lissimi
205 1999 389 2048 homines,
410 2001 540 2051 (hujus
555 2003 688 2051 judicii
706 2003 830 2049 causa,
848 2015 935 2039 cum
954 2000 1156 2046 mandatis,

51 2058 89 2088 ct
108 2063 195 2089 cum
214 2053 365 2103 publico
391 2055 614 2103 testimonio,
634 2063 834 2103 venerunt)
860 2055 928 2106 qui
946 2054 1048 2092 hunc
1068 2052 1156 2102 [ad-

48 2103 252 2156 scriptum]
273 2105 564 2146 Heracleensem
583 2108 725 2147 dicunt.
1153 2127 1158 2133 ’

50 2184 70 2192 ..
103 2156 243 2208 flictu
262 2159 411 2199 tabulas
429 2159 613 2203 desideras
626 2160 941 2216 IjIeracleensium
953 2159 1124 2212 publicas
1139 2171 1157 2217 i
