1425 2334
271 94 384 134 PRO
412 94 583 134 DOMO
612 96 732 134 sUA.
763 96 866 134 CAP.
888 97 949 133 45.
1086 95 1157 140 171

60 207 120 237 tus
137 198 348 239 adolescens
366 214 413 240 ex
431 202 548 252 ipsius
566 213 735 240 sermone
754 202 950 248 intellexit,
971 201 1063 252 quid
1077 201 1158 239 fieri

59 259 245 303 oporteret
258 268 268 291 ε
283 254 474 292 hominem
482 267 624 293 veneno
638 255 869 306 apertissime
880 255 1030 293 sustulit
1043 269 1052 291 ε
1068 254 1159 292 emit

58 306 230 354 domum,
257 307 500 346 licitatoribus
523 307 747 359 defatigatis,
779 321 895 359 prope
918 307 1074 345 dimidio
1099 320 1159 345 ca-

61 358 152 405 rius,
168 372 285 410 quam
299 361 519 399 aestimabat.

113 412 308 460 Quorsum
326 414 441 464 igitur
458 415 539 452 haec
555 414 672 452 oratio
690 414 880 466 pertinet?
910 413 1059 451 Domus
1074 426 1159 451 mea

58 465 125 503 illa
143 478 258 517 prope
276 474 355 505 tota
371 480 490 506 vacua
512 475 588 506 est:
622 468 687 506 vix
711 481 798 519 pars
826 467 965 505 aedium
987 478 1158 504 mearum

57 518 206 557 decima
223 519 271 557 ad
291 519 418 558 Catuli
435 521 621 572 porticum
644 521 806 559 accessit.
845 521 969 558 Causa
985 520 1059 557 fuit
1078 532 1159 557 am-

58 572 216 619 bulatio,
237 580 274 611 et
291 574 582 622 monimentum,
603 581 638 612 et
657 575 727 612 ista
740 575 963 624 Tanagraea,
983 573 1159 624 oppressa

58 625 242 673 libertate,
280 626 464 665 Libertas.
508 628 557 665 In
597 628 758 675 Palatio,
788 627 1041 678 pulcherrimo
1071 639 1157 676 pro-

57 685 200 728 spectu,
212 679 399 729 porticum
411 693 499 718 cum
518 681 754 718 conclavibus
771 681 1065 731 pavimentatam
1084 686 1158 717 tre-

56 734 207 769 centum
218 732 358 782 pedum
371 734 619 784 concupierat,
630 734 905 784 amplissimum
911 733 1131 783 peristylum
1143 746 1155 776 ς

57 791 189 822 caetera
206 786 404 834 ejusmodi,
424 787 532 824 facile
550 794 594 824 ut
611 787 782 824 omnium
802 786 931 824 domos
950 793 986 823 et
1003 786 1158 823 laxitate

57 844 94 875 et
108 837 289 887 dignitate
306 846 507 889 superaret.
536 839 590 877 Et
607 840 720 877 homo
738 840 945 889 religiosus,
959 851 1046 876 cum
1059 838 1155 875 aedes

57 903 160 928 meas
177 891 278 928 idem
293 899 430 929 emeret
448 900 484 930 et
496 893 683 939 venderet,
704 900 829 930 tamen
843 892 918 929 illis
929 892 1041 929 tantis
1054 898 1155 928 tene-

56 943 133 981 bris
150 955 226 981 non
245 952 300 982 est
318 958 431 983 ausus
457 958 570 983 suum
598 958 736 983 nomen
761 945 915 984 emtioni
937 945 993 981 illi
1017 944 1156 982 adscri-

57 998 169 1034 bere:
199 997 323 1048 posuit
342 998 479 1036 scilicet
503 1000 701 1037 Scatonem
723 999 849 1047 illum,
872 998 1065 1036 hominem
1087 997 1156 1034 sua

54 1049 193 1088 virtute
211 1058 396 1101 egentem,
423 1059 467 1089 ut
484 1051 531 1098 is,
552 1051 618 1102 qui
636 1052 676 1089 in
695 1052 836 1089 Marsis
856 1051 939 1094 (ubi
957 1058 1068 1088 natus
1083 1056 1154 1096 est)

50 1109 207 1151 tectum,
227 1116 303 1155 quo
320 1104 451 1143 imbris
470 1105 612 1143 vitandi
631 1105 743 1142 causa
761 1105 982 1151 succederet,
1002 1103 1154 1140 nullum

53 1156 219 1203 haberet,
240 1156 336 1195 aedes
353 1158 394 1195 in
418 1158 564 1195 Palatio
582 1157 831 1196 nobilissimas
849 1157 981 1194 emisse
999 1169 1038 1194 se
1055 1156 1154 1193 dice-

52 1216 119 1247 ret.
155 1209 378 1248 Inferior-em
403 1211 542 1248 aedium
568 1217 713 1261 partem
739 1211 955 1260 assignavit,
974 1221 1051 1247 non
1077 1221 1155 1246 suae

51 1263 155 1312 genti
175 1262 205 1299 F
207 1263 353 1311 onteiae,
373 1263 437 1301 sed
456 1263 612 1310 Clodiae,
633 1277 749 1315 quam
768 1263 945 1314 reliquit:
975 1275 1089 1313 quem
1112 1262 1153 1299 in

51 1326 256 1353 numerum
274 1329 321 1354 ex
339 1317 469 1354 multis
488 1317 630 1355 Clodiis
647 1329 760 1355 nemo
785 1328 923 1355 nomen
941 1315 1057 1364 dedit,
1081 1314 1153 1352 nisi

51 1376 119 1406 aut
136 1376 298 1419 egestate
316 1377 383 1408 aut
396 1370 530 1408 scelere
548 1370 726 1421 perditus.

17 1459 22 1464 ,
101 1421 233 1461 XLV.
262 1423 376 1461 Hanc
394 1436 472 1470 vos,
492 1424 697 1474 pontifices,
713 1430 793 1461 tam
810 1423 967 1471 variam,
987 1429 1067 1459 tam
1085 1434 1154 1460 no-

51 1487 140 1512 vam
157 1475 198 1512 in
222 1476 328 1513 omni
349 1489 483 1527 genere
501 1477 747 1524 voluntatem,
767 1476 1059 1528 impudentiam,
1085 1488 1154 1513 au-

50 1527 212 1577 daciam,
232 1529 490 1580 cupiditatem,
513 1530 802 1581 comprobabitis
817 1533 834 1568 :a
875 1529 1068 1576 Pontifex,
1095 1528 1154 1565 in-

50 1581 147 1629 quit,
166 1581 287 1620 affuit.
325 1583 417 1621 Non
434 1589 472 1621 te
489 1583 620 1634 pudet,
646 1596 734 1621 cum
759 1582 861 1634 apud
883 1582 1077 1633 pontifices
1095 1593 1154 1620 res

51 1641 197 1684 agatur,
212 1635 427 1686 pontificem
446 1636 580 1684 dicere,
600 1649 676 1675 non
695 1636 896 1687 collegium
914 1635 1151 1686 pontificum,

50 1687 202 1725 affuisse
216 1691 233 1726 Ρ
261 1690 467 1740 praesertim
481 1702 583 1737 cum,
598 1690 772 1728 tribunus
788 1689 922 1739 plebis,
935 1688 995 1726 vel
1006 1688 1152 1726 denun-

51 1739 143 1778 tiare
161 1741 339 1791 potueris,
352 1743 412 1780 vel
425 1743 538 1780 etiam
553 1755 693 1793 cogere.
722 1743 842 1780 Esto:
863 1742 1062 1792 collegium
1074 1753 1151 1778 non

49 1792 266 1832 adhibuisti.
306 1795 412 1842 Quid
426 1798 444 1834 Ρ
472 1796 519 1834 de
544 1796 699 1846 collegio
724 1796 809 1847 quis
831 1795 984 1832 tandem
1009 1793 1118 1832 affuit
1131 1795 1150 1831 Ρ

48 1854 224 1896 posuerat
235 1847 336 1885 enim
347 1849 603 1886 auctoritatem
615 1849 653 1885 in
668 1861 759 1896 uno,
775 1862 861 1899 quae
875 1848 980 1886 estin
994 1847 1053 1884 his
1068 1859 1149 1884 om-

48 1898 186 1936 nibus:
216 1900 281 1938 sed
299 1909 424 1939 tamen
438 1908 551 1952 auget
569 1909 606 1940 et
623 1909 712 1940 aetas
724 1909 760 1939 et
777 1902 895 1939 honos
913 1901 1147 1951 dignitatem.

49 1950 160 2002 Opus
178 1960 256 1990 erat
270 1953 383 1991 etiam
402 1954 577 2000 scientim
607 1967 723 2007 quam
743 1954 811 1992 etsi
823 1966 953 1992 omnes
964 1951 1149 1991 consecuti

50 2013 153 2052 sunt,
173 2011 299 2044 tamen
318 2013 416 2045 certe
433 2008 623 2058 peritiores
641 2015 804 2046 vetustas
822 2006 922 2045 facit.

100 2057 201 2105 Quis
218 2071 306 2110 ergo
319 2059 429 2097 affuit
442 2063 459 2098 :³
489 2061 634 2107 Frater,
654 2060 793 2111 inquit,
813 2059 941 2098 uxoris
959 2071 1064 2095 meae.
1103 2056 1145 2095 Si

46 2111 304 2158 auctoritatem
317 2113 536 2163 quaerimus,
553 2113 621 2151 etsi
638 2113 678 2150 id
696 2121 751 2151 est
768 2113 900 2158 aetatis,
917 2119 959 2149 ut
977 2110 1148 2148 nondum

42 2172 263 2204 consecutus
279 2165 352 2212 sit3
378 2173 504 2204 tamen
519 2173 663 2217 quanta
679 2174 733 2204 est
757 2166 796 2203 in
816 2166 1046 2203 adolescente
1059 2175 1148 2201 auc-
