1425 2334
292 105 406 147 PRO
433 106 606 148 DOMO
630 109 755 149 SUA.
785 109 889 148 Cn.
917 111 981 148 58.
1110 109 1185 148 18³

83 209 171 249 me&
185 213 422 253 contentione
442 214 616 254 interitus
635 217 822 254 bonorum
847 215 1019 254 omnium
1039 226 1184 267 (111813-

83 269 200 311 oetur,
220 277 286 304 vos
303 279 388 304 sum
415 275 583 316 testatus,
603 270 707 307 vobis
733 282 796 307 me
812 282 855 307 ac
872 282 975 308 meos
994 281 1186 308 commen·

84 314 195 378 davi,
206 330 344 370 meque
364 333 408 359 ac
435 333 564 359 meum
595 329 709 374 oeput
734 335 780 360 ea
805 321 1016 360 conditione
1037 322 1184 369 devovi,

86 375 145 417 ut,
163 370 198 408 31
223 379 264 410 31
292 385 336 411 30
362 373 445 425 ipso
464 381 649 426 tempore,
680 382 718 413 et
739 383 841 422 ante,
861 383 897 413 et
920 375 959 412 in
989 376 1186 414 consulatu

87 433 188 471 meo,
217 427 424 465 commodis
447 428 542 466 meis
570 429 761 489 omnibus,
785 428 1064 476 emolumentis,
1091 441 1187 479 prae-

87 475 174 514 imis
191 479 460 540 praetermissis,
473 482 577 529 cui-31,
593 482 828 542 cogitatione,
845 481 981 532 vigiliis
994 481 1186 528 omnibus,

88 528 199 578 nihil,
229 532 302 570 11131
330 532 378 571 (13
399 535 520 572 3311113
552 547 723 573 meorum
749 535 902 580 civium,
932 534 1184 572 laborassem·
1173 548 1185 579 ς

87 588 174 620 tum
191 584 288 622 mihi
306 587 498 637 republica
516 587 720 638 aliquando
744 588 916 626 restituta
931 587 1059 626 liceret
1083 587 1184 625 fruit

88 634 148 672 sin
167 645 295 676 31113111
323 651 409 677 mea
434 640 588 678 consilia
611 641 743 691 patriae
766 653 841 678 non
863 641 1115 701 profuissent;
1144 647 1189 678 ut

88 698 315 740 perpetuum
343 692 526 740 dolorem,
559 695 712 732 avulsus
743 707 766 732 a
800 695 909 741 meis,
939 695 1186 731 sustinerem.

89 740 188 780 hanc
205 756 275 794 ego
300 744 536 784 devotionem
565 747 695 797 capitis
719 747 809 793 mei,
838 759 926 785 cum
949 759 1011 784 ero
1028 747 1067 784 in
1087 746 1190 784 sedes

90 805 194 833 meas
212 797 417 846 restitutus,
438 806 520 837 tum
538 799 700 851 denique
718 800 925 838 convictam
944 812 1021 837 esse
1038 807 1075 837 et
1088 812 1192 838 com-

89 847 244 887 missam
262 854 416 901 putabo.
446 853 551 890 Nam
570 865 671 890 nunc
700 853 868 904 quidem,
887 853 1094 903 pontifices,
1114 864 1190 890 non

92 901 217 940 solum
235 902 363 952 domo,
383 904 430 943 de
443 905 519 956 qua
536 905 771 957 cognoscitis,
787 905 851 944 sed
869 905 948 943 totu
959 907 1052 942 urbe
1070 917 1190 952 careo,

91 953 132 991 in
151 968 268 1006 quam
287 956 413 996 videor
437 971 515 996 esse
533 959 737 997 restitutus.
768 959 883 999 Urbis
907 958 1008 996 enim
1032 958 1194 996 celeber-

92 1007 200 1046 rimae
218 1017 255 1047 et
267 1011 445 1050 maximae
468 1020 592 1063 partes
617 1012 814 1050 adversum
840 1011 951 1059 illud,
974 1023 1050 1048 non
1068 1011 1193 1049 moni-

91 1069 279 1111 mentum,
295 1063 359 1102 sed
377 1065 515 1103 vulnus
532 1065 677 1116 patriae,
697 1071 930 1103 contuentur.
958 1063 1086 1111 Quem
1105 1076 1194 1102 cum

91 1114 189 1153 mih-i
206 1124 446 1168 conspectum
464 1126 585 1156 morte
598 1118 720 1169 magis
733 1117 931 1155 vitandum
948 1116 1194 1178 fugiendum-

92 1180 179 1229 que·
186 1182 264 1208 esse
281 1170 460 1216 videatis;
490 1171 620 1219 nolite,
649 1183 791 1222 quaeso,
815 1182 918 1216 eum,
947 1171 1054 1219 cujus
1073 1170 1194 1208 reditu

91 1222 304 1262 restitutam
332 1224 605 1275 rempublicam
640 1223 719 1262 fore
749 1223 922 1274 putastis,
960 1234 1036 1260 non
1072 1222 1196 1260 solum

92 1273 286 1337 dignitatis
304 1277 547 1325 ornamentis,
563 1276 629 1315 sed
643 1276 756 1314 etiam
775 1276 879 1314 urbis
896 1275 1080 1327 partibus,
1100 1275 1197 1314 velle

95 1340 175 1366 esse
192 1329 396 1380 privatum.

148 1381 310 1421 LVIII.
339 1383 431 1421 Non
444 1395 508 1421 me
520 1384 707 1421 bonorum
724 1382 897 1433 direptio,
917 1393 992 1420 non
1011 1388 1195 1420 tectorum

94 1435 247 1484 excisio,
267 1448 343 1474 non
360 1436 602 1488 depopulatio
615 1436 858 1487 praediorum,
870 1447 945 1473 non
961 1434 1089 1486 praeda
1107 1447 1195 1473 con-

96 1488 225 1526 sulum
243 1501 291 1527 ex
308 1489 402 1528 meis
430 1489 590 1528 fortunis
614 1488 870 1528 crudelissime
894 1497 1017 1539 capta,
1047 1501 1197 1538 permo-

97 1548 182 1579 vet:
213 1542 354 1580 caduca
371 1555 517 1594 semper
548 1549 585 1581 et
602 1542 758 1581 mobilia
778 1541 859 1580 haec
886 1554 964 1580 esse
991 1541 1098 1588 duxi,
1119 1553 1195 1579 non

98 1593 245 1633 virtutis
273 1602 388 1647 atque
415 1595 571 1647 ingenii,
610 1595 674 1634 sed
702 1595 863 1633 fortunae
894 1601 931 1632 et
966 1600 1194 1645 temporum,

98 1659 281 1694 munera;
311 1661 474 1700 quorum
493 1661 562 1699 ego
580 1661 654 1686 non
674 1656 754 1686 tam
782 1647 1001 1685 facultatem
1025 1659 1196 1698 unquam

99 1706 137 1738 et
157 1701 312 1761 ‘copiam
341 1702 590 1754 expetendam
614 1701 759 1762 putavi,
783 1713 899 1751 quam
926 1708 963 1738 et
991 1700 1031 1737 in
1056 1700 1198 1737 utendo

94 1753 294 1802 rationem,
315 1762 352 1792 et
364 1755 404 1792 in
423 1755 582 1794 carendo
605 1755 838 1806 patientiam.
868 1753 1024 1791 Etenim
1044 1753 1091 1790 ad
1111 1765 1198 1790 nos-

99 1814 202 1844 trum
234 1819 346 1845 usum
370 1808 643 1859 propemodum
665 1808 747 1856 jam
777 1814 832 1844 est
851 1806 1005 1844 definita
1029 1805 1200 1843 modera-

99 1859 152 1898 tio
170 1860 224 1898 rei
241 1859 459 1898 familiaris:
489 1861 616 1899 liberis
630 1869 758 1898 autem
773 1859 906 1898 nostris
919 1860 1006 1897 satis
1025 1859 1198 1909 amplum

100 1913 372 1964 patrimonium
394 1914 540 1965 paterni
569 1913 746 1962 nominis,
775 1926 817 1951 ac
841 1919 977 1950 nostrae
995 1911 1199 1958 memoriae,

100 1966 382 2017 relinquemus.
413 1966 540 2014 domo,
563 1980 631 2018 per
652 1967 770 2004 scelus
798 1964 937 2016 erepta,
964 1977 1030 2015 per
1052 1964 1199 2001 latroci-

99 2019 209 2057 nium
227 2019 422 2070 occupata,
444 2031 511 2070 per
538 2020 727 2071 religionis
753 2018 831 2058 vim
857 2017 1067 2056 sceleratius
1085 2016 1199 2054 etiam

98 2072 296 2138 aedificata,
316 2084 432 2132 quam
457 2073 598 2121 eversa,
629 2085 766 2119 carere,
789 2072 870 2110 sine
895 2069 1066 2108 maxima
1092 2069 1200 2119 igno-

97 2125 218 2164 11111113
237 2124 467 2176 reipublicae,
493 2137 578 2164 meo
601 2125 779 2164 dedecore
797 2136 840 2162 ac
861 2123 1003 2167 dolore,
1022 2133 1097 2160 non
1116 2134 1201 2172 pos-
