1455 2343
247 62 324 99 222
501 59 614 99 PRO
635 58 902 99 PLANCIO.
934 59 1037 98 CM».
1061 61 1098 97 5.

246 167 348 206 blica
375 167 544 207 videatur
573 167 713 206 deberi.
752 167 820 205 Sin
845 173 974 211 autem
1000 166 1122 209 mavis
1147 177 1225 204 aese
1250 164 1355 215 judi-

247 221 364 270 cium,
384 234 461 260 non
480 222 549 259 tibi
567 221 607 261 id
624 220 912 260 rescindendum
931 228 999 269 est,
1019 219 1086 258 sed
1103 218 1315 258 ferendum.

303 275 412 313 Male
423 275 607 325 judicavit
620 274 808 326 populus·
829 281 868 312 at
876 273 1070 324 judicavit.
1092 273 1184 311 Non
1196 272 1350 310 debuit·

247 336 287 366 at
300 329 435 390 potuit.
465 329 557 367 Non
571 329 672 366 ferox
703 336 742 366 at
759 328 873 366 multi
892 327 1087 366 clarissimi
1105 333 1142 365 et
1160 325 1356 377 sapientis-

247 382 335 421 simi
354 383 450 421 cives
465 383 645 420 tulerunt.
674 383 748 420 Est
762 381 863 420 enim
875 382 956 420 haec
967 380 1130 419 conditio
1147 380 1354 418 liberorum

246 437 490 488 populorum,
510 436 774 487 praecipueque
802 436 917 483 hujus
946 434 1125 485 principis
1149 433 1298 484 populi,
1318 440 1357 471 et

246 490 420 528 omnium
440 490 612 541 gentium
629 489 775 527 domini
794 501 836 527 ac
854 488 1018 535 victoris,
1038 500 1146 548 posse
1164 487 1356 538 suffragiis

245 543 308 582 vel
331 543 421 582 dare
443 544 502 582 vel
520 543 727 590 detrahere,
747 542 851 593 quod
869 542 973 590 velit,
993 542 1152 602 cuique:
1183 547 1355 580 nostrum

246 604 302 636 est
320 604 462 645 autem,
484 597 550 648 qui
574 597 614 633 in
631 596 703 634 hae
721 603 941 646 tempestate
958 595 1092 646 populi
1106 595 1295 644 jactamur
1313 607 1358 632 ac

245 650 436 698 fluctibus,
456 650 552 688 ferre
569 649 715 688 modice
733 649 867 700 populi
885 649 1109 696 voluntates,
1129 647 1277 686 allicere
1288 648 1358 685 ali-

248 717 351 752 enas,
383 704 541 742 letinere
569 710 709 755 partas,
742 703 890 754 placare
919 704 1115 747 turbatas;
1144 701 1303 740 honores
1327 700 1358 739 si

246 757 379 808 magni
396 770 471 796 non
490 765 685 809 putemus,
705 769 782 794 non
801 756 936 794 servire
947 755 1115 807 populo,
1104 768 1114 778 ·
1136 755 1193 792 sin
1212 767 1274 794 eos
1292 768 1358 794 ex-

249 818 438 865 petamus,
451 824 527 848 non
546 810 743 861 defatigari
762 809 1020 861 supplicando.

303 865 355 903 V.
385 865 510 906 Venio
529 877 631 902 nunc
648 863 724 902 ad
714 864 832 915 lpsius
857 863 991 914 populi
1015 870 1154 914 partes,
1187 869 1231 901 ut
1257 863 1361 902 illius

250 926 381 957 contra
397 926 435 957 te
448 919 614 957 oratione
632 917 771 969 potius,
792 930 910 968 quam
927 930 1027 964 11103,
1046 916 1249 978 disputem.
1278 917 1361 964 Qui

250 972 282 1014 si
300 980 426 1019 tecum
438 971 713 1023 congrediatur,
730 979 766 1009 et
781 971 812 1009 si
823 971 902 1009 una
913 983 1001 1010 voce
1010 970 1117 1022 loqui
1130 971 1260 1021 possit,
1279 970 1362 1009 haec

251 1026 376 1067 dicat:
406 1026 494 1077 Ego
513 1025 596 1074 tibi,
617 1025 845 1073 Laterensis,
870 1024 1074 1062 Plancium
1098 1036 1176 1062 non
1204 1031 1361 1076 antepo-

252 1080 336 1119 sui:
367 1079 446 1128 sed,
467 1092 554 1118 cum
574 1079 699 1118 essetis
719 1091 825 1130 aeque
843 1078 935 1117 boni
958 1078 1041 1126 viri,
1070 1090 1202 1121 meum
1218 1077 1362 1117 benefi-

253 1134 357 1172 cium
374 1134 500 1185 potius
529 1133 578 1172 ad
607 1145 696 1171 eum
725 1132 845 1171 detuli
874 1132 941 1183 qui
971 1145 994 1171 a
1021 1145 1084 1174 me
1106 1132 1361 1180 contenderat,

253 1200 372 1238 quam
390 1187 439 1225 ad
450 1200 539 1226 eum
557 1187 626 1238 qui
640 1186 735 1224 mihi
753 1199 829 1224 non
844 1185 958 1224 nimis
976 1186 1160 1228 submisse
1171 1185 1365 1237 supplica-

252 1247 321 1278 rat.
352 1241 627 1291 Respondebis,
655 1240 777 1287 credo,
805 1246 855 1288 te,
885 1239 1085 1290 splendore
1116 1246 1154 1277 et
1177 1246 1362 1279 vetustate

252 1293 408 1332 familiae
425 1294 580 1343 fretum,
600 1306 677 1331 non
702 1293 811 1331 valde
835 1293 1083 1332 ambiendum
1109 1291 1274 1344 putasse.
1303 1294 1363 1336 At

253 1360 341 1386 vero
361 1355 397 1385 te
425 1348 489 1385 1110
518 1347 567 1385 3(1
596 1361 664 1387 sua
692 1346 878 1394 instituta,
910 1359 1142 1397 suorumque
1170 1347 1362 1395 majorum

252 1401 442 1452 exempla,
462 1401 671 1439 revocabit:
699 1413 846 1450 semper
869 1413 907 1438 se
925 1399 1022 1437 dicet
1040 1399 1164 1450 rogari
1182 1400 1358 1450 voluisse,

250 1462 398 1505 semper
410 1454 480 1492 sibi
499 1453 724 1505 supplicari:
756 1453 817 1491 M.
832 1453 977 1500 Seium,
998 1453 1065 1504 qui
1083 1465 1131 1491 ne
1150 1461 1364 1504 equestrem

250 1508 406 1559 quidem
425 1507 661 1559 splendorem
692 1507 922 1545 incolumem
945 1520 968 1544 a
991 1507 1204 1545 calamitate
1228 1508 1364 1556 judicii

250 1562 409 1599 retinere
426 1561 623 1612 potuisset,
657 1560 803 1598 homini
831 1560 1079 1607 nobilissimo,
1105 1561 1364 1600 innocentissi-

251 1627 331 1662 mo,
356 1615 676 1666 eloquentissimo,
703 1615 763 1652 M.
786 1614 930 1660 Pisoni,
951 1614 1183 1664 praetulisse:
1213 1628 1362 1667 praepo-

252 1668 370 1706 suisse
389 1682 427 1706 se
447 1668 497 1715 Q.
521 1669 672 1715 Catulo,
693 1668 847 1705 summa
865 1667 905 1705 in
923 1667 1070 1706 familia
1090 1676 1193 1716 nato,
1214 1669 1364 1720 sapien..

251 1721 396 1760 tissimo
415 1729 452 1760 et
469 1721 702 1760 sanctissimo
713 1721 807 1769 viro,
823 1733 899 1758 non
913 1721 996 1759 (1100
1011 1721 1056 1760 C.
1073 1721 1273 1769 Seranum,
1287 1734 1364 1760 non

252 1775 519 1814 stultissimum
556 1775 765 1821 hominem,
801 1775 892 1817 (fuit
921 1775 1023 1812 enim
1060 1782 1097 1813 et
1123 1775 1242 1813 animi
1274 1775 1363 1814 satis

250 1829 396 1880 magni,
410 1836 447 1867 et
459 1829 618 1876 consilii)
635 1829 698 1867 sed
711 1829 782 1866 Cn.
800 1828 1011 1877 Manlium,
1024 1840 1102 1866 non
1114 1829 1239 1867 solum
1254 1828 1363 1880 igno-

250 1882 382 1930 bilem,
412 1895 545 1920 verum
573 1882 653 1920 sine
679 1882 831 1931 virtute,
852 1882 931 1920 sine
957 1882 1125 1933 ingenie,
1152 1882 1230 1923 vita
1248 1883 1364 1921 etiam

251 1936 443 1976 contemta
461 1949 504 1974 ac
522 1935 684 1973 sordida.

303 1988 577 2028 Desiderarunt
601 1996 652 2037 te,
672 1989 812 2040 inquit,
843 1989 943 2028 oculi
971 1990 1061 2037 mei,
1082 2003 1170 2028 cum
1197 1996 1240 2031 tu
1267 2003 1364 2029 esses

249 2042 418 2096 Cyrenis.
458 2043 530 2081 Me
562 2043 678 2090 enim,
707 2055 824 2094 quam
851 2044 981 2091 socios,
1016 2044 1084 2082 tua
1111 2043 1189 2081 frui
1224 2043 1366 2082 virtute

245 2097 462 2137 malebam:
494 2104 544 2143 et,
574 2109 651 2148 quo
673 2097 760 2147 plus
792 2096 983 2143 intererat,
1004 2109 1048 2135 eo
1066 2097 1155 2148 plus
1180 2098 1311 2135 aberas
1340 2110 1364 2135 a

246 2163 320 2191 me.
351 2150 461 2190 Certe
479 2163 555 2189 non
568 2150 756 2194 videbam.
788 2150 938 2190 Deinde
953 2150 1141 2191 sitientem
1159 2163 1222 2189 me
1241 2150 1360 2189 virtu-
