1435 2328
194 100 241 138 12
431 104 548 144 PRO
577 102 814 144 FLACCO.
845 103 949 142 CAr.
984 103 1043 141 12.

182 207 272 247 dem
291 223 362 262 ego
379 222 455 250 non
474 212 589 252 modo
607 225 684 251 non
703 212 869 264 postulo,
885 210 963 260 sed,
977 217 1120 259 contra,
1136 209 1298 261 judices,

185 274 251 301 vos
269 276 335 302 oro
354 271 391 303 et
409 267 586 314 obtestor,
606 274 651 305 ut
669 274 788 305 totam
807 279 975 313 causam,
996 278 1114 316 quam
1132 265 1302 303 maxime

185 315 340 356 intentis
369 320 501 367 oculis,
534 324 596 364 (ut
620 321 744 368 aiunt)
774 321 955 358 acerrime
979 319 1303 371 contemplemini.

187 370 302 409 Nihil
331 373 512 424 religione
540 381 734 422 testatum,
766 374 864 412 nihil
896 373 1051 412 veritate
1080 373 1302 420 fundatum,

187 423 286 462 nihil
312 426 440 465 dolore
466 441 715 478 expressumg
746 435 951 479 contraque
976 427 1106 465 omnia
1129 433 1306 477 corrupta

186 476 358 529 libidine,
379 480 589 531 iracundia,
606 482 746 531 studio,
762 481 897 534 pretio,
917 481 1097 533 perjurio,
1117 480 1306 532 reperien-

190 537 265 570 tur.

242 586 344 626 XII.
374 588 546 636 Etenim,
557 591 640 639 jam
659 589 836 628 universa
853 591 1013 628 istorum
1029 587 1180 640 cognita
1199 587 1307 639 cupi-

190 638 321 688 ditate,
342 642 519 681 accedam
545 644 593 682 ad
619 643 788 695 singulas
814 644 986 695 querelas
1009 641 1308 681 criminationes-

189 706 265 743 que
293 695 526 735 Graecorum.
566 698 706 736 Classis
733 698 887 736 nornine
918 696 1120 748 pecuniam
1146 695 1308 733 civitati-

190 747 264 786 bus
278 749 505 801 imperatam
519 759 757 802 queruntur;
779 751 883 802 quod
895 763 963 789 nos
974 751 1133 795 factum,
1147 749 1308 798 judices,

192 803 428 841 confitemur.
460 805 548 852 Sed,
576 806 606 843 si
631 806 703 844 hoc
727 805 869 843 crimen
897 811 980 850 θεῖς
1011 811 1078 842 aut
1102 803 1142 841 in
1169 815 1213 840 eo
1237 809 1307 850 est,

191 856 296 906 quod
325 870 402 895 non
428 858 577 897 licuerit
605 859 816 910 imperare3
847 865 914 896 aut
942 858 983 896 in
1012 871 1069 904 eo,
1101 855 1205 909 quod
1233 867 1311 894 non

190 920 287 959 opus
305 910 420 949 fuerit
437 913 598 951 navibus
616 927 627 959 ς
658 920 725 951 aut
743 913 783 950 in
798 925 856 959 eo,
873 912 976 964 quod
991 911 1112 958 nulla,
1125 911 1196 948 hoc
1213 923 1312 961 prae-

193 967 287 1009 tore,
301 965 429 1003 classis
441 966 642 1017 navigarit.
664 967 836 1005 Licuisse
847 973 891 1004 ut
902 965 1105 1017 intelligas,
1115 975 1313 1015 cognosce,

194 1017 303 1067 quid,
331 1031 394 1056 me
421 1021 588 1068 consule,
616 1027 767 1059 senatus
797 1020 1013 1067 decreverit,
1042 1032 1131 1058 cum
1155 1017 1313 1069 quidem

192 1070 290 1161 gihil
319 1085 342 1109 a
366 1073 623 1133 superioribus
650 1074 918 1113 continuorum
943 1085 1132 1112 annorum
1157 1071 1315 1110 decretis

224 1133 406 1164 ecesserlt.

533 1201 984 1250 (Senam-consultam.)

253 1291 484 1331 Proximum
505 1300 560 1332 est
578 1306 680 1345 ergo,
702 1299 760 1341 ut,
782 1307 878 1345 opus
897 1292 1012 1331 fuerit
1030 1291 1161 1339 classe,
1181 1302 1314 1339 necne,

200 1358 428 1396 quaeramus.
459 1348 604 1386 Utrum
615 1348 731 1398 igitur
741 1348 813 1385 hoc
823 1347 947 1385 Graeci
958 1352 1138 1393 statuent,
1152 1352 1221 1383 aut
1227 1344 1317 1382 uuae

199 1406 338 1437 exterae
349 1401 534 1447 nationes,
549 1414 597 1439 an
612 1401 724 1439 vestri
736 1408 928 1452 praetores,
938 1400 1051 1438 vestri
1062 1399 1189 1446 duces,
1205 1397 1319 1436 vestri

200 1452 444 1504 imperatores
459 1457 475 1493 ?
505 1455 700 1506 Equidem
712 1455 901 1501 existimo,
915 1454 955 1492 in
968 1452 1154 1503 ejusmodi
1165 1451 1318 1503 reglone

200 1512 317 1558 atque
335 1508 542 1558 provincia,
559 1522 646 1560 quae
663 1508 760 1546 mari
773 1508 906 1555 cincta,
927 1509 1113 1559 portubus
1127 1505 1317 1554 distincta,

200 1559 335 1599 insulis
347 1561 578 1601 circumdata
591 1570 699 1611 esset,
709 1575 785 1600 non
798 1563 923 1600 solum
938 1560 1116 1612 praesidii,
1131 1559 1195 1598 sed
1204 1559 1320 1601 etiam

202 1615 362 1652 ornandi
373 1615 524 1667 imperii
539 1617 665 1664 causa,
679 1616 938 1667 navigandum
949 1615 1077 1654 fuisse.
1108 1614 1205 1652 Haec
1217 1613 1320 1651 enim

203 1668 300 1706 ratio
318 1682 361 1706 ac
389 1669 613 1721 magnitudo
638 1670 855 1708 animorum
880 1669 920 1708 in
946 1669 1155 1718 majoribus
1185 1666 1322 1705 nostris

205 1721 295 1768 fuit,
324 1729 382 1769 ut,
413 1736 501 1761 cum
533 1724 573 1761 in
602 1724 758 1775 privatis
782 1726 909 1770 rebus,
936 1722 1089 1774 suisque
1114 1720 1320 1768 sumtibus,

206 1775 370 1814 minimo
381 1778 559 1824 contenti,
569 1778 792 1816 tenuissimo
804 1778 909 1815 cultu
918 1777 1098 1823 viverent,
1110 1775 1151 1813 in
1162 1773 1323 1825 imperio

208 1836 323 1880 atque
341 1830 381 1868 in
400 1831 554 1882 publica
566 1831 749 1882 dignitate
768 1831 897 1869 omnia
911 1830 959 1868 ad
974 1830 1134 1881 gloriam
1147 1827 1324 1880 splendo-

207 1895 367 1934 remque
386 1892 613 1923 revocarent.
644 1885 840 1933 Quaeritur
852 1884 969 1931 enim,
989 1884 1030 1921 in
1049 1896 1090 1921 re
1103 1880 1324 1930 domestica,

209 1936 449 1976 continentiae
466 1939 576 1985 laus;
605 1939 646 1976 in
664 1938 832 1990 publica,
846 1937 1052 1989 dignitatis.

265 1990 383 2038 Quod
401 1992 432 2029 si
451 1992 565 2031 etiam
583 1992 748 2043 praesidii
767 1992 880 2030 causa
899 1992 1054 2030 classem
1072 1989 1221 2037 habuit,
1237 1987 1324 2040 quis

211 2042 283 2081 erit
300 2051 380 2082 tam
398 2045 568 2097 iniquus,
588 2046 655 2098 qui
673 2045 952 2097 reprehendat?
984 2044 1098 2083 Nulli
1112 2050 1218 2082 erant
1228 2055 1326 2094 prae-

212 2096 341 2136 dones.
384 2098 523 2146 Quid?
553 2100 679 2138 nullos
708 2100 801 2147 fore,
833 2099 919 2151 quis
944 2105 1122 2151 praestare
1142 2102 1290 2148 poterat
1306 2097 1325 2134 Ρ

212 2150 380 2199 Minuis,
404 2153 544 2204 inquit,
575 2153 738 2204 gloriam
768 2153 956 2204 Pompeii.
997 2152 1126 2190 Immo
1143 2157 1187 2188 tu
1211 2161 1329 2200 auges

215 2204 440 2246 molestiam.
472 2207 546 2246 Ille
564 2207 668 2247 enim
686 2208 822 2248 classes
839 2206 1079 2260 praedonum,
1098 2205 1225 2252 urbes,
1239 2214 1329 2255 por-
