1389 2339
326 90 438 128 PRO
467 89 669 130 COELIO.
699 90 802 128 CAP.
823 92 860 127 6.
1065 92 1142 129 349

40 195 70 232 si
90 196 217 233 statim
229 195 363 233 mereri
382 195 566 246 stipendia
580 208 822 246 coeperamus,
838 196 1031 234 castrensis
1049 196 1143 234 ratio

39 261 82 286 ac
95 248 278 286 militaris.
308 247 399 295 Qua
417 249 456 286 in
476 256 597 295 aetate,
618 249 689 286 nisi
708 249 773 299 qui
789 249 916 300 seipse
935 249 1001 286 sua
1019 249 1142 300 gravi-

40 307 116 338 tate
134 309 170 339 et
181 301 415 347 castimonia,
431 309 481 348 et,
501 314 588 339 cum
607 301 805 351 disciplina
823 302 1037 350 domestica,
1059 310 1141 340 turn

40 353 154 391 etiam
182 354 344 392 naturali
369 355 534 405 quodam
562 356 675 400 bono,
709 354 947 398 defenderam
988 368 1141 406 quoquo

40 407 152 444 nzodo
163 420 185 445 a
196 407 273 445 suis
287 407 491 445 custoditus
503 416 609 454 esset,
624 415 749 445 tamen
765 408 958 445 infamiam
972 407 1138 459 [veram]

41 459 204 510 effugere
222 473 297 498 non
317 468 472 511 poterat.
502 461 576 498 Sed
595 461 662 511 qui
680 460 803 511 prima
821 461 886 497 illa
904 461 1010 498 initia
1024 461 1142 499 aetatis

40 512 185 563 integra
203 524 316 564 atque
334 514 512 551 inviolata
527 513 779 564 praestitisset3
809 513 855 550 de
880 514 960 562 ejus
978 515 1081 552 fama
1100 527 1143 552 ac

41 566 237 616 pudicitia,
258 579 345 604 cum
364 567 396 604 is
418 568 498 615 jam
518 580 556 604 se
574 567 892 615 corroboravisset,
913 580 955 605 ac
974 567 1030 606 vir
1048 568 1144 605 inter

41 619 137 657 viros
156 628 262 662 esset,
283 632 393 657 nemo
412 620 647 670 loquebatur.

97 672 252 710 Studuit
270 672 459 719 Catilinae,
480 685 565 710 cum
589 674 670 721 jam
694 673 836 724 aliquot
856 686 972 712 annos
991 682 1085 712 esset
1103 674 1142 711 in

43 725 136 773 foro,
154 726 317 764 Coelius:
349 733 384 763 et
403 725 515 762 multi
534 726 604 763 hoc
621 726 721 763 idem
742 739 788 763 ex
807 727 911 764 omni
930 728 1071 773 ordine,
1088 736 1144 765 at-

44 791 118 829 que
132 791 177 816 ex
198 779 303 816 omni
318 786 438 823 aetate,
455 778 632 816 fecerunt.
663 779 813 816 Habuit
825 780 924 817 enim
937 781 1000 818 ille
1019 780 1144 822 (sicuti

41 832 255 870 meminisse
274 845 338 869 vos
364 831 536 877 arbitror)
563 832 751 882 permulta
774 833 1042 879 maximarum,
1069 846 1145 870 non

43 897 215 935 expressa
234 885 353 935 signa,
375 885 438 922 sed
464 884 700 932 adumbrata,
721 885 917 922 virtutum.
958 887 1146 924 Utebatur

41 937 258 975 hominibus
285 938 466 988 improbis
499 938 653 982 multis3
685 946 721 976 et
745 938 898 988 quidem
928 939 1079 989 optimis
1107 952 1146 976 se

42 990 129 1027 viris
141 990 310 1028 deditum
331 1004 409 1028 esse
428 991 640 1028 simulabat.
670 991 792 1028 Erant
811 991 912 1042 apud
931 991 1041 1030 illum
1062 993 1145 1029 ille-

41 1045 161 1081 cebrae
178 1043 380 1081 libidinum
400 1044 554 1081 multae:
585 1051 690 1082 erant
709 1044 820 1081 etiam
841 1044 1033 1082 industriae
1060 1045 1146 1096 qui-

42 1096 132 1133 dam
161 1097 307 1134 stimuli
338 1110 380 1134 ac
411 1096 559 1134 laboris.
608 1097 837 1147 Flagrabant
866 1097 957 1135 vitia
979 1098 1146 1135 libidinis

44 1149 147 1199 apud
179 1150 313 1187 illum:
357 1150 532 1200 vigebant
568 1150 679 1187 etiam
721 1150 845 1187 studia
881 1151 933 1188 rei
962 1151 1144 1189 militaris.

47 1203 183 1253 Neque
207 1215 275 1253 ego
302 1215 472 1254 unquam
497 1202 611 1240 fuisse
636 1203 708 1240 tale
735 1209 947 1240 monstrum
974 1203 1013 1240 in
1041 1204 1147 1242 terris

49 1256 171 1292 ullum
199 1263 305 1306 puto,
335 1264 413 1293 tam
439 1268 485 1293 ex
513 1256 703 1293 contrariis
730 1255 960 1306 diversisque
986 1257 1082 1294 inter
1109 1270 1147 1294 se

46 1309 303 1359 pugnantibus
322 1316 466 1346 naturae
483 1308 614 1346 studiis
641 1309 982 1359 cupiditatibusque
1009 1310 1146 1348 confla-

46 1369 142 1399 tum.

99 1415 174 1452 VI.
204 1415 302 1462 Quis
321 1415 538 1454 clarioribus
552 1414 639 1453 viris
651 1415 816 1466 quodam
828 1423 994 1467 tempore
1008 1417 1146 1465 jucun-

46 1468 159 1506 dior?
188 1468 273 1519 quis
301 1468 530 1519 turpioribus
557 1469 818 1517 conjunctior?
847 1470 931 1520 quis
959 1470 1048 1507 civis
1066 1482 1146 1507 me-

44 1521 182 1558 liorum
201 1521 367 1571 partium
395 1521 628 1572 aliquando?
659 1522 743 1572 quis
765 1522 891 1560 tetrior
917 1522 1032 1560 hostis
1058 1523 1146 1560 huic

45 1574 217 1612 civitati?
247 1574 331 1624 quis
358 1574 396 1611 in
426 1575 681 1625 voluptatibus
707 1575 966 1626 inquinatior?
996 1576 1079 1626 quis
1107 1576 1146 1612 in

42 1626 233 1664 laboribus
252 1627 479 1677 patientior?
500 1627 585 1678 quis
597 1628 636 1665 in
648 1629 849 1678 rapacitate
867 1629 1041 1666 avarior?
1062 1628 1146 1679 quis

44 1679 84 1717 in
102 1679 298 1729 largitione
326 1680 501 1717 effusior?
532 1680 607 1718 Illa
633 1693 733 1726 vero,
758 1681 917 1730 judices,
937 1681 976 1718 in
995 1681 1060 1719 illo
1079 1682 1146 1719 ho-

44 1732 148 1770 mine
166 1732 353 1770 mirabilia
370 1733 536 1780 fuerunt,
563 1734 877 1784 comprehendere
894 1734 1034 1771 multos
1053 1735 1146 1771 ami-

45 1785 147 1830 citia,
179 1785 274 1822 tueri
303 1786 508 1836 obsequi03
538 1798 626 1823 cum
653 1787 828 1824 omnibus
857 1787 1145 1835 communicare,

45 1838 148 1889 quod
174 1838 361 1883 habebat;
391 1838 527 1876 servire
545 1839 776 1890 temporibus
795 1852 950 1878 suorum
961 1840 1146 1887 omnium,

45 1891 218 1942 pecunia,
257 1891 392 1941 gratia,
429 1891 555 1929 labore
583 1893 758 1943 corporis,
797 1893 930 1930 scelere
959 1893 1085 1941 etiam,
1117 1892 1149 1930 si

47 1957 142 1995 opus
165 1949 272 1990 esset,
304 1951 341 1981 et
371 1943 552 1990 audaci&
585 1958 728 1983 versare
758 1959 865 1983 suam
895 1952 1084 1993 naturam,
1114 1953 1151 1984 et

46 2009 172 2047 regere
190 1996 238 2033 ad
250 2003 413 2048 tempus,
430 2004 544 2048 atque
560 1998 636 2036 huc
655 2005 691 2036 et
709 1999 800 2036 illuc
819 2006 990 2048 torquere
1011 2006 1047 2036 et
1064 1999 1151 2037 flec-

46 2057 145 2087 tere:
185 2061 272 2086 cum
304 2050 473 2087 tristibus
500 2063 637 2098 severe,
667 2065 754 2089 cum
781 2051 941 2088 remissis
969 2052 1150 2100 jucunde,

45 2115 133 2140 cum
158 2102 309 2140 senibus
327 2103 504 2153 graviter,
533 2116 621 2143 cum
646 2105 844 2153 juventute
872 2103 1038 2151 comiter,
1064 2118 1120 2142 cu
1114 2119 1151 2142 ,ῃ

99 2156 249 2203 (orat.)
281 2166 383 2193 vor„
409 2167 480 2194 111.
809 2160 832 2194 2
855 2167 885 2194 n
