1435 2328
163 80 217 118 24
426 78 542 120 PRO
562 79 800 121 FIJACCO.
831 79 936 120 CAR
957 81 1022 120 24.

164 187 282 226 cuerit
314 187 475 227 Flacco·
506 201 609 228 nunc
643 196 795 227 tantum
823 202 846 227 a
876 187 1082 227 Trallianis
1112 187 1277 241 requiro,

164 254 283 292 quam
301 243 503 293 pecuniam
523 256 546 280 a
564 256 602 281 se
621 244 788 281 ablatam
803 249 1029 294 queruntur,
1049 255 1207 281 suamne
1220 243 1279 281 di-

166 302 267 344 cant,
288 296 359 334 sibi
378 309 400 333 a
418 296 632 334 civitatibus
651 296 855 334 collatam
845 309 885 334 m
904 309 1019 334 usum
1038 296 1280 335 5110111011-

165 349 230 399 pio
249 350 390 388 audire.
422 350 527 396 Non,
548 350 687 402 inquit,
708 350 882 388 dicimus.
912 349 1020 397 Quid
1037 350 1154 401 igitur
1167 352 1185 388 ἶ)
1214 349 1282 388 de·

165 403 284 440 latam
304 404 352 441 ad
370 416 452 450 nos,
466 404 646 442 creditam
661 404 768 442 nobis
782 404 828 441 L.
843 403 970 442 Flacci
981 404 1099 454 patris
1110 403 1280 452 nomine,

167 457 216 494 ad
234 457 350 506 hujus
370 458 448 495 dies
467 457 580 496 festos
599 465 713 509 atque
731 457 852 495 ludos.
883 457 992 505 Quid
1012 465 1095 495 tum
1110 459 1128 495 Ρ
1165 457 1281 495 Η8110

166 516 217 557 te,
249 510 388 562 inquit,
421 524 553 562 capere
581 524 657 549 non
687 511 806 549 licuit.
847 511 876 549 J
879 524 940 549 am
967 511 1007 548 id
1034 510 1182 549 videro:
1214 510 1280 549 sed

165 564 337 614 primum
356 565 453 602 illud
472 567 618 604 tenebo.
658 564 843 612 Queritur
861 565 998 616 gravis,
1018 564 1200 615 locupleS,
1221 577 1283 602 or-

166 626 257 656 nata
275 618 420 665 civitas,
441 619 545 670 quod
563 632 639 656 non
658 618 794 657 retinet
813 619 1002 656 alienum:
1029 618 1230 669 spoliatam
1242 631 1283 656 se

167 671 272 718 dicit,
293 673 397 723 quod
416 673 455 710 id
474 685 551 711 non
568 673 696 718 habet,
717 672 821 722 quod
845 673 926 721 ejus
950 684 1027 709 non
1056 671 1141 709 fuit.
1172 671 1283 719 Quid

167 725 239 764 hoc
257 726 518 777 impudentius
538 727 611 764 dici
630 734 696 764 aut
710 726 803 776 fingi
821 732 944 777 potest
957 728 975 764 ’ἓ
1004 724 1209 764 Delectum
1226 732 1283 763 est

168 779 368 830 oppidum,
390 793 467 831 quo
485 780 525 817 in
545 780 684 831 oppido
702 792 780 817 uno
798 779 960 831 pecunia
977 792 1001 816 a
1017 779 1098 816 tota
1115 778 1213 817 Asia
1231 778 1281 817 ad

166 832 328 872 honores
348 834 396 871 L.
418 834 544 872 Flacci
569 841 794 885 poneretur:
824 833 906 871 haec
933 832 1095 884 pecunia
1124 839 1204 870 tota
1231 834 1282 871 ab

168 886 375 926 honoribus
396 888 575 926 translata
593 894 647 926 est
660 887 700 924 in
720 894 911 938 quaestum
923 894 960 925 et
973 885 1279 925 foenerationem:

169 949 390 992 recuperata
409 948 463 979 est
480 941 614 979 multis
632 948 717 992 post
731 941 852 979 annis.

224 995 386 1034 XXIV.
408 995 510 1043 Quae
522 995 662 1033 civitati
674 995 773 1033 facta
787 1002 842 1033 est
855 994 997 1044 injuria
1010 997 1027 1034 Ρ
1055 994 1114 1033 At
1124 995 1284 1034 moleste

169 1048 243 1086 fert
261 1048 402 1087 civitas.
443 1049 588 1087 Credo:
620 1049 796 1087 avulsum
811 1056 866 1087 est
884 1049 987 1087 enim
1005 1056 1142 1100 praeter
1159 1062 1284 1101 spem,

171 1103 275 1154 quod
294 1110 373 1141 erat
391 1117 455 1154 spe
474 1103 708 1149 devoratum,
722 1103 886 1140 lucrum.
914 1102 973 1140 At
988 1102 1170 1154 queritur.
1200 1103 1285 1141 Im-

170 1156 357 1207 pudenter
375 1156 476 1195 facit.
507 1157 599 1194 Non
618 1157 720 1194 enim
739 1157 881 1203 omnia,
902 1169 989 1208 quae
1015 1155 1202 1203 dolemus,
1224 1170 1287 1195 ea-

171 1209 260 1248 dem
275 1211 363 1259 jure
381 1211 488 1262 queri
505 1223 716 1261 possumus.
757 1210 816 1247 At
835 1217 985 1248 accusat
1003 1210 1125 1248 verbis
1143 1210 1287 1261 gravis-

172 1263 289 1302 simis.
308 1264 349 1302 N
351 1277 400 1302 on
413 1264 555 1312 civitas,
573 1264 638 1302 sed
650 1263 817 1315 imperiti
830 1263 1017 1311 homines,
1032 1277 1055 1301 a
1070 1263 1287 1302 Maeandrio

172 1318 358 1356 concitati.
400 1317 491 1365 Quo
509 1318 604 1365 loco,
625 1318 739 1356 etiam
758 1325 872 1368 atque
898 1317 1013 1355 etiam
1036 1317 1146 1355 facite
1165 1324 1210 1356 ut
1228 1331 1287 1356 re-

173 1371 395 1419 cordemini,
409 1385 496 1424 quae
508 1372 556 1410 sit
570 1372 758 1410 temeritas
770 1371 1041 1417 multitudinis,
1055 1385 1142 1422 quae
1152 1371 1286 1410 levitas

173 1425 326 1476 propria
346 1426 581 1473 Graecorum,
602 1426 696 1478 quid
713 1425 753 1463 in
773 1425 950 1464 concione
969 1424 1144 1463 seditiosa
1163 1425 1287 1464 valeat

173 1479 304 1517 oratio.
334 1480 428 1527 Hic,
444 1480 484 1518 in
499 1480 569 1518 hac
586 1478 807 1531 gravissumi
826 1487 862 1517 et
880 1478 1182 1517 moderatissima
1195 1478 1288 1518 civi-

174 1539 265 1580 tate,
286 1546 375 1571 cum
389 1541 444 1572 est
461 1534 586 1571 forum
600 1535 758 1586 plenum
773 1533 1019 1583 judiciorum,
1033 1533 1193 1584 plenum
1203 1546 1289 1572 ma-

175 1586 420 1637 gistratuum,
451 1589 608 1639 plenum
631 1587 863 1639 optimorum
882 1586 1054 1625 virorum
1074 1593 1110 1624 et
1129 1586 1287 1635 civium,

176 1653 267 1679 cum
285 1643 500 1692 speculatur
518 1649 630 1694 atque
648 1641 794 1680 obsidet
819 1642 959 1680 Rostra
976 1640 1117 1679 vindex
1135 1640 1288 1679 temeri-

177 1694 278 1743 tatis,
312 1703 348 1733 et
379 1696 608 1734 moderatrix
639 1695 765 1744 officii,
805 1695 933 1740 curia3
964 1702 1093 1733 tamen
1125 1701 1289 1746 quantos

177 1748 315 1786 fluctus
346 1750 500 1788 excitari
529 1750 751 1788 concionum
781 1749 915 1787 videtis
932 1749 941 1786 !
974 1747 1083 1796 Quid
1112 1761 1177 1786 vos
1206 1747 1290 1791 fieri

178 1803 336 1841 censetis
356 1803 552 1842 Trallibus
566 1807 583 1842 Ρ
612 1816 659 1842 an
675 1803 728 1850 id,
750 1803 853 1855 quod
866 1801 1046 1852 Pergami
1063 1803 1080 1840 Ρ
1109 1802 1182 1840 11151
1192 1801 1290 1841 forte

177 1855 238 1893 hae
258 1856 425 1895 civitates
445 1858 650 1895 existimari
666 1857 811 1904 volunt,
827 1856 975 1894 facilius
986 1855 1065 1893 una
1080 1869 1118 1894 se
1131 1856 1291 1907 epistola

179 1909 418 1949 Mithridatis
436 1911 578 1949 moveri
590 1910 811 1962 impellique
829 1909 1008 1961 potuisse,
1024 1916 1070 1946 ut
1083 1909 1291 1948 amicitiam

179 1964 313 2014 populi
333 1964 514 2011 Romani,
535 1965 650 2003 fidem
670 1977 792 2013 suam,
822 1965 909 2013 jura
935 1963 1064 2002 omnia
1081 1962 1194 2001 officii
1217 1963 1292 2001 hu-

180 2017 451 2069 manitatisque
476 2019 673 2066 violarent,
704 2030 822 2069 quam
852 2026 897 2055 ut
926 2017 1050 2055 filium
1076 2016 1293 2055 testimonio

180 2069 373 2118 laederent,
394 2073 502 2121 cujus
520 2080 667 2124 patrem
686 2072 801 2110 armis
819 2070 1042 2122 pellendum
1060 2069 1140 2109 suis
1156 2070 1292 2109 moeni-

181 2124 253 2161 bus
272 2124 512 2164 censuissent.

236 2177 368 2225 Quare
386 2179 501 2218 nolite
514 2179 611 2218 mihi
630 2179 701 2218 ista
719 2179 876 2218 nomina
894 2178 1091 2218 civitatum
1105 2177 1295 2217 nobilium
