1435 2328
218 114 279 155 843
371 113 744 155 PRO-ARCHIA
773 112 982 155 POETA.
1011 112 1181 162 cAp.·7.'

213 222 254 260 in
272 220 348 272 m'e,
369 221 571 275 nunquam
590 221 800 262 amicorum
817 220 994 274 periculis
1011 222 1146 261 defuit.
1177 220 1278 270 Qu'ae
1295 220 1329 261 si

211 277 273 314 cui
298 278 416 316 levior
437 278 610 323 videtur-3
652 278 718 315 illa
742 277 898 328 quidem
927 284 1038 323 certe,
1062 290 1149 328 quae
1176 288 1330 314 summa

211 338 314 378 sunt,
335 344 383 369 ex
403 345 478 382 quo
497 332 600 369 fonte
618 332 808 376 hauriam7
830 331 960 369 sentio.
994 331 1113 377 Nam,
1133 329 1205 368 nisi
1222 329 1326 367 mul-

210 391 337 422 torum
356 386 551 446 praeceptis
569 385 776 435 multisque
794 385 911 422 literis
933 383 1029 421 mihi
1050 385 1097 421 ab
1113 384 1328 421 adolescen-

209 438 263 475 tia
282 439 496 485 suasissem,
522 438 616 475 nihil
638 451 715 476 esse
739 439 779 475 in
798 438 876 475 vit&
894 450 1124 488 magnopere
1146 444 1326 487 expeten-

209 491 318 538 dum,
342 493 414 529 nisi
438 492 592 529 laudem
617 499 731 552 atque
756 492 1016 529 honestatem·
1005 519 1016 535 ‚
1052 491 1092 527 in
1119 503 1164 527 ea
1193 497 1322 528 autem

207 546 467 596 persequenda
481 548 611 583 omnes
626 546 810 583 cruciatus
825 544 1002 595 corporis,
1019 544 1148 581 omnia
1158 543 1326 594 pericula

209 600 342 636 mortis
368 606 483 650 atque
509 599 644 645 exsilii,
665 598 772 649 parvi
797 611 875 636 esse
900 597 1093 641 ducenda;
1123 609 1324 648 nunquam

209 664 286 696 me,
312 666 381 703 pro
407 653 527 690 salute
546 653 682 699 vestra,
709 652 749 689 in
772 658 829 689 tot
847 665 890 689 ac
908 659 1031 689 tantas
1049 651 1323 696 dimicationes,

207 714 322 757 atque
341 706 379 743 in
394 707 463 743 hos
478 706 763 761 profligatorum
777 705 979 742 hominum
991 703 1259 755 quotidianos
1248 717 1328 742 lm·-

207 768 332 810 petus,
353 760 582 808 objecissem.
613 759 688 796 Sed
706 759 810 809 pleni
829 771 960 796 omnes
979 765 1067 796 sunt
1084 757 1185 804 libri
1199 758 1324 808 plenae

207 813 435 864 sapientium
453 825 574 859 voces,
598 813 713 863 plena
729 812 994 873 exemplorum
1013 818 1205 856 vetustas;
1234 824 1300 862 que
1290 825 1323 849 e

202 868 370 916 jacerent
387 867 428 904 in
447 866 610 907 teneb'pis
635 865 776 911 omnia,
797 866 870 903 nisi
888 865 1084 903 literarum
1109 865 1241 902 lumen
1261 878 1322 902 ae-

206 920 362 958 cederet.
394 920 525 968 Quam
544 920 685 957 multas
704 919 837 957 nobis
826 919 1025 969 lmagineS,
1039 930 1114 956 non
1130 918 1254 956 solum
1272 918 1322 956 ad

205 973 485 1020 intuendum,
468 987 601 1011 verum
627 973 741 1011 etiam
765 974 814 1010 ad
835 972 1080 1017 imitandum,
1100 971 1322 1010 fortissimo-

187 1028 294 1065 rum
323 1028 491 1065 virorum
521 1040 714 1078 expressas
745 1027 942 1077 scriptores
967 1033 1004 1064 et
1028 1026 1152 1063 Graeci
1181 1032 1220 1063 et
1243 1025 1322 1064 La-

204 1080 276 1119 tini
293 1081 552 1132 reliquerunt!
585 1094 680 1131 quas
699 1093 768 1130 ego
789 1080 888 1118 mihi
911 1092 1058 1130 semper
1081 1079 1121 1116 in
1140 1078 1322 1117 adminis-

203 1135 341 1172 tranda
351 1135 546 1185 republica
553 1146 778 1185 proponens,
793 1134 966 1171 animum
975 1141 1011 1170 et
1018 1139 1185 1170 mentem
1193 1145 1321 1170 meam

202 1189 287 1239 ips&
299 1188 521 1239 cogitatione
529 1188 730 1224 hominum
743 1187 1008 1225 excellentium
1021 1186 1318 1224 conformabam.

258 1242 359 1280 VII.
377 1241 534 1288 Quaeret
549 1241 754 1291 quispiam,
769 1241 877 1287 Quid
891 1243 907 1279 Ρ
927 1241 984 1278 illi
994 1240 1068 1290 ipsi
1079 1239 1222 1277 summi
1234 1239 1319 1287 viri,

203 1308 367 1347 quorum
387 1295 543 1332 virtutes
560 1294 677 1332 literis
695 1294 854 1345 proditae
873 1301 975 1341 sunt,
994 1294 1115 1331 istene
1133 1293 1320 1340 doctrina,

181 1365 185 1368 ⁴
204 1362 322 1400 quam
335 1357 376 1386 tu
388 1348 567 1386 laudibus
582 1347 702 1395 effers,
720 1348 856 1385 eruditi
867 1348 1023 1386 fuerunt
1038 1350 1054 1385 Ρ
1084 1346 1251 1384 Difficile
1265 1354 1322 1385 est

201 1401 274 1440 hoc
293 1402 339 1439 de
358 1402 535 1439 omnibus
559 1401 805 1440 confirmare:
836 1401 901 1439 sed
915 1406 1054 1439 'tamen
1077 1407 1132 1439 est
1157 1406 1318 1448 certum,

203 1455 297 1507 quid
309 1455 568 1506 respondeam.
589 1455 675 1506 Ego
689 1456 831 1493 multos
842 1455 1015 1493 homines
1027 1454 1225 1493 excellenti
1236 1454 1320 1492 ani-

203 1522 269 1546 mo
291 1522 333 1547 ac
344 1509 482 1547 virtute
500 1509 630 1557 fuisse,
651 1515 702 1556 et,
723 1509 803 1547 sine
822 1509 1006 1557 doctrina,
1030 1515 1177 1547 naturae
1199 1507 1322 1559 ipsius

200 1562 334 1600 habitu
353 1576 472 1624 prope
491 1562 633 1611 divino,
653 1576 721 1614 per
741 1563 880 1614 seipsos
900 1570 937 1600 et
954 1562 1166 1600 moderatos
1178 1568 1215 1599 et
1231 1574 1320 1612 gra-

201 1629 265 1654 ves
285 1617 482 1663 exstitisse,
503 1616 649 1654 fateor.
680 1616 794 1654 etiam
806 1616 904 1654 illud
918 1616 1101 1667 adjungo,
1115 1615 1254 1666 saepius
1270 1615 1319 1652 ad

200 1670 355 1708 laudem
375 1678 441 1721 atq
442 1684 489 1707 ue
507 1670 688 1708 virtutem
705 1677 882 1708 naturam
901 1670 981 1708 sine
995 1669 1179 1714 doctrina,
1199 1681 1318 1720 quam

199 1723 279 1760 sine
298 1724 435 1761 natura
447 1723 607 1761 valuisse
625 1723 860 1761 doctrinam.
875 1724 1010 1774 Atque
1027 1723 1130 1760 idem
1142 1735 1212 1772 ego
1230 1734 1319 1760 con-

200 1777 328 1824 tendo,
351 1790 439 1815 eum
458 1777 507 1815 ad
525 1784 702 1814 naturam
721 1777 902 1815 eximiam
921 1785 1035 1828 atque
1049 1777 1237 1814 illustrem
1256 1788 1320 1814 ac-

201 1830 351 1868 cesserit
370 1830 465 1868 ratio
484 1830 661 1881 quaedam
680 1831 1001 1881 conformatioque
1020 1830 1212 1877 doctrinae‚
1233 1837 1318 1867 tum

199 1883 299 1922 illud
310 1884 435 1922 nescio
449 1884 542 1935 quid
556 1884 781 1935 praeclarum
795 1897 838 1922 ac
857 1884 1046 1934 singulare
1065 1884 1183 1922 solere
1201 1883 1318 1921 exsis-

201 1943 302 1975 tere:
335 1951 382 1975 ex
407 1938 479 1975 hoc
498 1951 575 1975 esse
597 1938 700 1975 hunc
722 1950 896 1984 numero,
917 1951 1034 1988 quem
1052 1945 1177 1988 patrae
1197 1936 1317 1974 nostri

200 1991 390 2037 viderunt,
411 1991 584 2028 divinum
603 1991 813 2038 hominem,
830 1991 1058 2029 Africanum
1076 2004 1088 2035 ς
1116 2003 1164 2028 ex
1181 1990 1254 2028 hoc
1268 1989 1315 2028 C.

200 2044 382 2091 Laelium,
398 2045 446 2083 L.
460 2045 638 2091 Furium⁷
657 2045 974 2083 moderatissimos
991 2044 1164 2082 homines
1176 2051 1213 2081 et
1227 2055 1318 2081 con-

201 2098 470 2136 tinentissimos
487 2113 498 2145 ;
525 2111 572 2136 ex
583 2099 654 2137 hoc
666 2099 915 2137 fortissimum
928 2098 1067 2146 virum,
1083 2105 1120 2135 et
1131 2096 1206 2135 illis
1219 2103 1318 2134 tem-

200 2152 357 2203 poribus
368 2152 643 2202 doctissimum,
661 2152 721 2191 M.
736 2153 922 2192 Catonem
937 2152 1049 2190 illum
1061 2163 1191 2190 senem
1204 2163 1217 2197 3
1233 2150 1319 2202 qui,
