1455 2343
210 95 285 134 194
341 93 418 134 DE
449 94 693 134 HARUSP.
723 92 992 134 RESPONS.
1022 94 1126 134 CAP.
1148 96 1186 134 8.

206 215 272 241 nes
291 202 500 254 pontifices,
517 202 584 254 qui
599 208 705 241 erant
715 202 832 252 hujus
843 201 997 250 ordinis,
1013 202 1200 250 adessent,
1214 215 1322 242 cum-

205 256 372 308 quealii‚
385 257 453 308 qui
470 256 677 295 honoribus
696 256 830 308 populi
849 256 1018 294 Romani
1035 257 1320 305 antecedebant,

196 311 331 349 'multa
349 310 396 349 de
417 310 566 361 collegii
593 310 736 359 judicio
755 311 869 348 verba
897 310 1083 358 fecissent,
1115 323 1323 362 omnesque

205 364 323 403 iidem
335 365 530 403 scribendo
539 365 741 411 adessent),
750 363 910 402 domum
922 377 1063 412 meam,
1073 363 1218 414 judicio
1228 376 1324 417 pon-

207 418 369 466 tificum,
389 419 569 470 religione
587 418 786 456 liberatam
805 417 934 456 videri.

263 472 325 511 De
348 473 421 511 hoc
439 473 556 523 igitur
573 472 656 510 loco
675 484 778 510 sacro
797 471 1040 522 potissimum
1059 471 1236 510 videntur
1253 471 1326 511 ha-

208 526 374 578 ruspices
388 526 523 574 (110010,
538 526 606 577 qui
617 526 723 564 locus
741 526 842 563 solus
857 538 905 563 ex
923 525 1079 576 privatis
1093 525 1185 564 locis
1200 525 1325 564 omni-

209 581 282 618 bus
299 580 371 619 hoc
389 581 579 632 praecipue
594 579 690 629 juris
708 579 837 625 habet,
860 586 903 616 ut
921 579 998 617 ab
988 579 1095 630 ipsis,
1119 580 1188 630 qui
1213 580 1327 618 sacris

208 642 392 685 praesunt,
406 647 506 672 sacer
517 646 595 671 non
607 646 684 671 esse
696 632 888 682 judicatus
900 633 973 671 sit?
1004 633 1154 671 Verum
1168 633 1324 672 referte:

210 688 315 738 quod
334 701 382 726 ex
406 687 748 726 senatus-consulto
771 686 894 724 facere
913 686 1069 724 debetis.
1109 686 1196 725 Aut
1220 687 1327 726 vobis

210 741 377 791 cognitio
395 741 562 789 dabitur,
583 740 651 792 qui
675 740 791 791 primi
815 740 862 778 de
879 739 952 778 hac
969 740 1084 778 domo
1102 740 1328 779 sententiam

210 794 373 842 dixistis,
395 803 432 833 et
451 808 536 833 eam
555 794 736 845 religione
760 794 867 832 omni
893 794 1105 833 liberastis:
1136 801 1204 833 aut
1222 806 1330 833 sena-

210 856 272 886 tus
289 849 370 900 ipse
385 848 586 898 judicabit,
600 848 680 899 qui,
694 860 772 886 uno
785 848 852 886 illo
867 848 945 886 solo
957 848 1124 886 antistite
1136 861 1328 887 sacrorum

210 902 467 949 dissentiente,
484 901 812 954 frequentissimus
825 910 937 940 antea
947 901 1153 951 judicavit:
1175 908 1244 940 aut
1254 902 1327 950 (id,

212 956 316 1007 quod
335 964 434 994 certe
452 957 534 1003 fiet)
555 955 604 993 ad
622 955 818 1007 pontifices
835 955 1038 1005 rejicietur,
1055 969 1220 1007 quorum
1239 968 1329 994 auc-

211 1010 368 1057 toritati,
388 1009 491 1054 fidei,
511 1009 738 1061 prudentiae,
752 1010 915 1059 majores
933 1010 1051 1047 nostri
1065 1022 1169 1048 sacra
1179 1009 1331 1060 religio-

210 1076 367 1115 nesque,
381 1072 418 1103 et
431 1064 597 1115 privatas
611 1070 648 1101 et
661 1063 848 1115 publicas,
864 1063 1192 1102 commendarunt.
1222 1063 1332 1111 Quid

211 1131 302 1168 ergo
337 1118 380 1156 hi
411 1124 572 1169 possunt
601 1117 708 1155 aliud
738 1117 923 1167 judicare,
956 1130 1000 1156 30
1029 1117 1297 1167 judicaverunt
1311 1120 1329 1156 ,⁹

212 1171 357 1210 Multae
376 1178 465 1210 sunt
483 1172 621 1209 domus
639 1171 680 1208 in
697 1171 770 1209 hac
780 1173 889 1219 urbe,
903 1178 1028 1223 patres
1042 1171 1256 1222 conscripti,
1272 1178 1330 1210 at—

212 1238 289 1276 que
307 1225 413 1263 haud
431 1225 505 1264 scio
525 1237 573 1262 an
592 1237 701 1275 paene
720 1233 879 1272 cunctae,
897 1226 983 1274 jure
998 1225 1164 1276 optimo;
1195 1224 1259 1263 sed
1273 1231 1331 1264 ta-

211 1291 303 1316 men
318 1280 405 1328 jure
423 1279 584 1329 privato,
601 1279 688 1328 jure
706 1278 958 1326 haereditario,
981 1279 1068 1328 jure
1082 1278 1328 1327 auctoritatis,

208 1333 296 1382 jure
313 1332 498 1383 mancipi,
526 1334 613 1382 jure
640 1332 742 1370 nexi.
786 1332 899 1382 Nego
924 1345 1005 1370 esse
1028 1333 1150 1370 ullam
1169 1332 1330 1370 domum

211 1386 342 1432 aliam,
364 1399 471 1437 aeque
489 1386 637 1437 privato
653 1387 754 1436 jure,
775 1393 891 1436 atque
905 1386 1052 1437 optima
1062 1386 1160 1436 lege,
1173 1386 1330 1437 publico

212 1452 301 1477 vero
313 1440 419 1477 omni
436 1439 643 1490 praecipuo,
660 1447 696 1477 et
706 1439 878 1477 humano
893 1447 930 1478 et
940 1439 1083 1486 divino,
1101 1441 1188 1488 jure
1202 1440 1331 1478 muni-

213 1500 306 1530 tam.
337 1493 438 1540 Quae
456 1493 627 1544 primum
645 1492 852 1531 aedificatur
871 1506 919 1531 ex
931 1493 1152 1532 auctoritate
1163 1496 1328 1543 senatus,

212 1547 377 1598 pecunia
395 1547 574 1598 publica3
605 1546 755 1593 deinde,
775 1554 906 1585 contra
919 1547 999 1585 vim
1017 1547 1202 1585 nefariam
1212 1547 1332 1597 hujus

211 1601 445 1650 gladiatoris,
455 1603 681 1639 totsenatus-
686 1600 1331 1652 consultismunitaatqueseptaest.

203 1677 206 1680 ·
269 1654 394 1693 VIII.
416 1651 610 1715 Primum,
623 1654 821 1706 negotium
833 1654 968 1693 iisdem
979 1655 1264 1705 magistratibus
1278 1663 1335 1695 est

213 1707 349 1745 datum
368 1720 468 1746 anno
487 1708 692 1760 superiore,
721 1715 766 1746 ut
792 1715 979 1754 curarent,
1000 1715 1044 1746 ut
1072 1708 1153 1747 sine
1177 1709 1216 1747 vi
1234 1709 1333 1747 mihi

216 1761 400 1799 aedificare
417 1761 559 1809 liceret,
581 1761 734 1813 quibus,
755 1762 796 1799 in
814 1762 996 1800 maximis
1025 1761 1216 1813 periculis,
1244 1763 1333 1801 uni-

216 1828 324 1853 versa
342 1816 555 1866 respublica
569 1815 827 1854 commendari
839 1816 955 1854 solet:
986 1815 1136 1862 deinde,
1150 1829 1239 1854 cum
1250 1815 1332 1864 ille,-

218 1868 321 1906 saxis
338 1875 376 1906 et
394 1869 548 1919 ignibus
567 1876 605 1907 et
622 1869 734 1917 ferro,
755 1869 971 1907 vastitatem
988 1869 1084 1907 meis
1103 1869 1254 1908 sedibus
1271 1870 1335 1908 in-

215 1922 378 1969 tulisset,
394 1922 559 1960 decrevit
577 1930 742 1970 senatus,
755 1936 831 1970 eos,
848 1923 916 1974 qui
933 1923 973 1961 id
987 1923 1174 1970 fecissent,
1190 1923 1334 1974 legede

218 1975 256 2013 vi
276 1978 380 2026 (quae
399 1983 495 2014 esset
512 1976 553 2013 in
573 1989 634 2015 eos
652 1977 720 2028 qui
737 1976 954 2015 universam
965 1976 1241 2028 rempublicam
1264 1990 1335 2028 op.-

216 2029 468 2080 pugnassent)
481 2030 610 2068 teneri
627 2029 748 2068 Vobis
755 2043 843 2069 vero
854 2030 1116 2076 referentibus,
1131 2043 1154 2068 o
1167 2037 1253 2081 post
1263 2031 1333 2068 ho-

217 2082 370 2120 minum
384 2083 609 2121 memoriam
624 2083 821 2122 fortissimi
842 2091 957 2135 atque
979 2083 1116 2145 optimi
1136 2083 1330 2122 consules'

218 2135 383 2177 decrevit
400 2136 503 2176 idem
521 2144 674 2177 senatus
693 2137 1035 2189 frequentissimus,
1049 2136 1117 2190 qui
1127 2148 1254 2177 meam
1265 2137 1334 2177 do,
