1455 2343
171 84 250 121 :380
315 81 392 119 DE
423 79 695 119 PROVINC.
725 78 966 126 CONSUL.
996 82 1101 120 CAP.
1122 83 1161 120 3.

229 188 288 226 II.
318 188 497 236 Quatuor
515 195 604 226 sunt
621 188 838 239 provinciae,
858 197 981 240 patres
1006 189 1219 241 conscripti,
1240 189 1288 229 de

175 242 317 294 quibus
332 242 456 280 adhuc
475 241 646 293 intelligo
665 242 866 280 sententias
881 255 959 281 esse
974 243 1092 282 dictas
1107 257 1120 290 ς
1151 243 1289 283 Galliae

177 297 279 341 duae,
311 309 406 347 quas
430 296 502 334 hoc
531 303 700 346 tempore
729 308 807 334 uno
830 296 990 347 imperio
1011 297 1185 336 videmus
1210 310 1288 336 esse

177 351 400 399 conjunctas
417 363 428 395 ;
470 357 507 388 et
537 350 660 401 Syria,
692 356 729 387 et
765 349 1007 399 Macedonia,
1037 364 1145 402 quas,
1185 351 1291 390 vobis

178 404 307 442 invitis
327 410 364 441 et
382 403 580 454 oppressis,
601 402 767 454 pestiferi
785 403 843 440 illi
861 405 1045 451 consules,
1065 418 1135 455 pro
1154 418 1292 444 eversae

179 457 400 508 reipublicae
424 457 605 508 praemiis,
630 464 920 507 occupaverunt.
949 457 1294 509 Decernendaeffno-

181 510 239 549 bis
259 517 348 549 sunt
365 511 448 561 lege
468 510 693 561 Sempronia
711 510 808 548 duae.
839 510 947 557 Quid
966 517 1035 559 est,
1055 512 1159 562 quod
1176 512 1296 563 possi-

182 577 271 602 mus
291 564 338 602 de
357 564 468 615 Syria
487 563 794 615 Macedoniaque
808 563 981 602 dubitare
998 566 1015 602 Ρ
1045 564 1179 613 Mitto,
1193 566 1297 617 quod

183 630 245 656 eas
270 617 323 656 ita
353 625 480 668 partas
506 618 649 655 habent
673 617 701 654 ii
732 617 800 668 qui
823 629 927 656 nunc
950 617 1135 665 obtinent,
1159 627 1204 657 ut
1221 631 1298 658 non

182 679 271 710 ante
289 671 497 722 attigerint,
519 684 638 722 quam
662 671 765 709 hunc
790 671 963 709 ordinem
983 671 1297 720 condemnarintg

183 738 304 777 quam
323 725 586 763 auctoritatem
606 732 769 763 vestram
785 738 805 762 e
817 725 966 763 civitate
984 725 1298 772 exterminarinu

184 791 304 830 quam
322 778 439 817 fidem
458 778 668 829 publicam,
689 791 807 830 quam
826 786 1050 830 perpetuam
1064 780 1198 831 populi
1217 781 1300 819 Ro-

184 832 291 870 mani
310 833 487 881 salutem,
508 846 626 884 quam
654 845 717 870 me
736 845 778 871 ac
797 845 900 871 meos
919 845 1064 881 omnes,
1095 833 1301 873 foedissime

183 885 520 937 crudelissimeque
539 885 722 924 vexarint.

241 939 388 978 Omnia
413 940 619 978 domestica
646 940 714 978 illa
739 947 854 992 atque
876 942 1022 979 urbana
1046 942 1186 988 mitt03
1216 955 1304 994 quae

187 1001 293 1032 tanta
312 1000 415 1041 sunt,
436 1000 480 1031 ut
499 1006 700 1045 nunquam
723 994 922 1033 Hannibal
940 995 1030 1033 huic
1048 996 1136 1033 urbi
1154 1002 1304 1035 tantum

186 1047 281 1085 mali
300 1047 453 1098 optarit,
475 1056 664 1099 quantum
678 1048 735 1086 illi
755 1048 955 1087 effecerint.
984 1048 1087 1086 Ad
1076 1062 1176 1101 1psas
1195 1049 1305 1088 venio

186 1100 422 1152 provincias:
454 1115 619 1163 quarum
639 1102 882 1151 Macedonia,
899 1116 986 1153 quae
1000 1109 1079 1141 erat
1091 1110 1203 1142 antea
1216 1116 1305 1142 mu-

187 1155 270 1192 nita
287 1155 543 1206 plurimorum
562 1156 836 1207 imperatorum
855 1169 932 1194 non
947 1157 1128 1206 turribus,
1148 1157 1215 1195 sed
1226 1165 1303 1196 tro-

187 1209 293 1259 paeis,
315 1222 402 1260 quae
420 1209 552 1247 multis
571 1210 734 1248 victoriis
753 1218 833 1248 erat
851 1210 1001 1260 jamdiu
1020 1210 1303 1262 triumphisque

186 1270 346 1313 pacata,
378 1263 429 1301 sic
449 1277 472 1301 a
489 1264 672 1312 barbaris,
693 1265 833 1316 quibus
862 1271 917 1302 est
934 1271 1087 1315 propter
1105 1264 1302 1303 avaritiam

187 1328 265 1367 pax
291 1323 431 1367 erepta,
459 1324 632 1365 vexatur,
659 1325 704 1355 ut
726 1318 1094 1365 Thessalonicenses,
1123 1318 1236 1369 positi
1263 1319 1303 1356 in

187 1369 334 1419 gremio
352 1370 504 1420 imperii
522 1371 652 1418 nostri,
673 1371 886 1422 relinquere
903 1371 1103 1422 oppidum,
1125 1379 1162 1410 et
1180 1384 1303 1410 arcem

188 1423 354 1471 munire,
376 1433 584 1474 cogantur;
614 1431 658 1462 ut
678 1425 738 1462 via
762 1425 830 1462 ssla
848 1431 989 1472 nostra,
1017 1438 1103 1476 quae
1121 1438 1188 1476 per
1213 1425 1306 1463 Ma-

189 1476 387 1514 cedoniam
406 1484 461 1514 est
479 1490 600 1527 usque
628 1478 676 1515 ad
696 1478 994 1529 Hellespontum
1012 1478 1201 1527 militaris,
1228 1490 1305 1518 non

190 1529 314 1568 solum
326 1531 609 1569 excursionibus
620 1533 868 1570 barbarorum
882 1532 930 1570 sit
940 1531 1090 1579 infesta,
1111 1532 1176 1571 sed
1190 1532 1305 1572 etiam

189 1584 319 1621 castris
345 1584 519 1622 Thraciis
542 1585 730 1633 distincta,
759 1598 802 1623 ac
824 1592 964 1623 notata.
996 1586 1059 1623 Ita
1086 1593 1217 1637 gentes
1235 1599 1304 1635 eae,

190 1650 291 1688 quae,
312 1645 356 1675 ut
373 1651 467 1689 pace
493 1645 703 1688 uterentur,
723 1639 802 1677 vim
828 1639 975 1690 argenti
1000 1639 1180 1678 dederant
1206 1653 1305 1691 prae-

189 1691 291 1729 claro
309 1699 436 1730 nostro
453 1691 695 1743 imperatori3
725 1700 769 1730 ut
788 1693 992 1731 exhaustas
1010 1693 1142 1732 domos
1161 1694 1305 1745 replere

189 1752 356 1794 possent,
376 1759 445 1796 pro
470 1747 573 1784 emta
601 1759 693 1798 pace
717 1747 865 1784 bellum
888 1747 996 1785 nobis
1014 1759 1132 1798 prope
1152 1748 1304 1797 justum

189 1798 413 1837 intulerunt.
443 1799 472 1837 J
474 1812 537 1837 am
557 1813 643 1838 vero
662 1801 847 1839 exercitus
865 1800 929 1839 ille
947 1808 1086 1849 noster,
1112 1802 1306 1852 superbis-

189 1852 287 1890 simo
316 1853 465 1891 delectu
497 1863 534 1892 et
567 1853 770 1892 durissima
799 1854 1072 1906 conquisitione
1107 1855 1302 1904 collectus,

189 1906 314 1944 omnis
332 1906 484 1944 interiit.

244 1960 326 1997 III.
358 1960 507 2012 Magno
533 1961 606 1999 hoc
632 1962 715 2000 dico
745 1975 834 2000 cum
863 1963 1004 2002 dolore.
1033 1961 1301 2001 Miserandum

188 2013 229 2050 in
248 2014 409 2052 modum
427 2015 567 2054 milites
596 2017 730 2077 populi
750 2017 918 2055 Romani
943 2016 1058 2069 capti,
1078 2015 1214 2062 necati,
1234 2015 1300 2057 de-

187 2066 290 2115 serti,
311 2067 481 2120 dissipati
500 2076 613 2116 sunt3
642 2070 801 2119 incuria,
816 2070 933 2123 fame,
948 2072 1096 2123 morbo,
1111 2069 1298 2118 vastitate,

186 2122 391 2171 consumti,
411 2130 456 2161 ut
474 2123 595 2175 (quod
614 2121 670 2176 est
690 2121 1019 2177 indignissimum)
1038 2123 1188 2163 scelus
1176 2136 1301 2177 lmpe-

187 2174 319 2214 tatoris
338 2176 377 2214 in
402 2190 554 2228 poenam
575 2174 756 2218 exercitus
783 2179 994 2230 expetitum
1013 2191 1094 2219 esse
1113 2175 1296 2217 videatur.
