1435 2328
126 79 179 116 56
396 76 511 115 PRO
540 75 739 115 SULLA.
770 76 875 114 CAP.
912 77 971 114 12.

128 186 237 233 liam,
278 184 435 222 interitu
465 184 757 236 rempublicam,
795 183 953 222 liberavi
971 197 980 221 :
1018 195 1089 234 ego
1126 181 1245 222 vitam

130 238 307 277 omnium
337 238 492 288 civium,
531 246 673 277 statum
705 238 805 276 orbis
836 244 958 284 terrae,
990 239 1126 275 urbem
1150 237 1250 274 hanc

131 293 310 343 denique,
333 292 459 331 sedem
489 293 664 330 omnium
686 294 872 339 nostrum,
900 304 1025 330 arcem
1052 303 1187 342 regum
1205 302 1250 328 ae

132 347 332 384 nationum
368 354 598 392 exterarum,
630 347 762 383 lumen
795 345 984 396 gentium,
1012 344 1251 383 domicilium

133 400 298 451 imperii,
321 400 490 451 quinque
501 401 704 438 hominum
723 399 935 437 amentium
955 412 998 436 ac
1016 399 1250 450 perditorum

134 454 247 505 poena
266 454 421 492 redemi.
450 455 517 491 An
542 466 605 491 me
631 453 857 491 existimasti
882 453 963 490 haec
981 453 1193 502 injuratum
1211 450 1253 488 in

133 508 277 557 judicio
296 520 372 545 non
399 521 476 546 esse
507 507 713 554 dicturum,
738 521 824 558 quae
846 508 996 556 juratus
1019 507 1059 544 in
1081 504 1255 544 maxima

139 562 315 599 concione
335 561 515 599 dixissem
534 564 551 599 Ρ

192 615 293 653 XII.
324 616 458 666 Atque
477 615 592 652 etiam
611 614 708 652 illud
727 615 880 660 addam,
896 626 945 651 ne
963 614 1030 665 qui
1048 613 1144 651 forte
1162 612 1257 651 inci-

138 669 220 720 piat
245 669 442 720 improbus
463 669 587 706 subito
607 676 643 706 te
663 681 803 714 amare,
825 669 1035 719 Torquate,
1057 675 1093 705 et
1112 666 1257 718 aliquid

141 736 290 773 sperare
323 723 370 760 de
402 730 463 760 te:
495 731 625 773 atque,
659 731 703 759 ut
732 722 834 759 idem
871 734 1003 759 omnes
1036 721 1255 765 exaudiant,

140 776 348 815 clarissima
368 789 456 814 voce
475 776 611 813 dicam.
643 776 797 813 Harum
811 775 986 813 omnium
1004 788 1146 822 rerum,
1163 787 1260 826 quas

144 843 214 881 ego
233 830 272 867 in
293 830 490 867 consulatu
502 843 571 880 pro
591 829 712 867 salute
727 829 922 867 communi
934 828 1079 879 suscepi
1091 836 1127 866 et
1145 828 1257 879 gessi,

145 884 193 921 L.
215 883 280 921 ille
305 883 528 934 Torquatus
555 886 661 925 (cum
681 891 776 921 esset
792 896 902 921 meus
921 882 1200 921 contubernalis
1218 882 1260 919 in

146 938 359 984 consulam,
391 944 506 988 atque
533 938 647 975 etiam
677 937 716 974 in
745 937 912 988 praetura
944 936 1092 983 fuisset)
1113 943 1257 983 auctor,

146 992 312 1040 adjutor,
323 991 509 1042 particeps
525 991 680 1037 exstitit,
702 1004 790 1029 cum
805 991 992 1042 princeps,
1007 1003 1096 1028 cum
1115 997 1258 1036 auctor,

147 1058 237 1083 cum
267 1045 421 1096 signifer
449 1053 546 1083 esset
578 1045 818 1094 juventutis3
848 1057 984 1096 parens
1013 1045 1108 1093 ejus,
1145 1044 1264 1081 homo

148 1099 430 1137 amantissimus
449 1099 594 1149 patriae,
612 1099 773 1136 maximi
791 1098 923 1145 animi,
941 1098 1084 1136 summi
1101 1097 1260 1146 consilii,

149 1153 350 1204 singularis
377 1154 608 1200 constantiae,
631 1166 719 1191 cum
745 1161 840 1191 esset
859 1165 970 1202 aeger,
991 1159 1119 1189 tamen
1139 1151 1265 1190 omni-

148 1208 221 1245 bus
239 1208 351 1244 rebus
369 1206 445 1243 illis
463 1207 660 1244 interfuit:
695 1219 894 1258 nunquam
915 1213 970 1243 est
995 1219 1018 1243 a
1042 1218 1104 1243 me
1123 1206 1265 1256 digres-

150 1273 239 1298 sus:
271 1260 409 1307 studio,
431 1260 599 1305 consilio,
627 1261 863 1307 auctoritate,
884 1272 985 1297 unus
1012 1259 1159 1308 adjuvit
1177 1259 1266 1310 plu-

150 1314 309 1361 rimum,
330 1327 419 1352 cum
447 1314 709 1352 infirmitatem
728 1314 890 1365 corporis
909 1313 1027 1351 animi
1046 1313 1185 1351 virtute
1203 1326 1269 1351 su-

151 1376 310 1420 peraret.

205 1421 389 1468 Videsne,
422 1428 466 1459 ut
498 1421 658 1472 eripiam
690 1428 728 1460 te
760 1435 807 1460 ex
839 1421 1101 1473 improborum
1138 1420 1267 1460 subita

153 1473 286 1527 gratia,
309 1484 345 1514 et
362 1475 599 1514 reconciliem
617 1475 726 1513 bonis
746 1475 954 1513 omnibus?
985 1477 1052 1526 qui
1071 1483 1108 1514 te
1127 1483 1163 1514 et
1181 1475 1268 1513 dili-

153 1537 265 1581 gunt,
292 1537 328 1567 et
358 1530 533 1576 retinent,
557 1529 850 1581 retinebuntque
878 1542 1052 1580 semper:
1082 1542 1165 1577 nec,
1190 1529 1221 1567 si
1246 1542 1273 1566 a

154 1596 218 1621 me
237 1583 333 1621 forte
352 1583 565 1630 desciveris,
581 1583 718 1621 idcirco
737 1592 773 1621 te
792 1597 815 1621 a
833 1596 886 1629 se,
908 1591 944 1621 et
963 1596 986 1620 a
1003 1583 1211 1634 republica,
1232 1590 1270 1620 et

155 1650 179 1675 a
207 1635 274 1674 tua
303 1637 500 1688 dignitate,
531 1637 688 1675 deficere
716 1637 919 1688 patientur.
950 1637 1025 1675 Sed
1049 1639 1131 1686 jam
1159 1636 1272 1675 redeo

156 1690 206 1728 ad
224 1704 402 1736 causam3
433 1699 548 1742 atque
566 1690 638 1728 hoc
657 1704 736 1737 vos,
765 1691 923 1740 judices,
943 1697 1081 1729 testor:
1112 1690 1210 1728 mihi
1224 1689 1273 1728 de

156 1752 300 1782 memet
327 1745 409 1796 ipso
438 1752 517 1782 tam
543 1745 668 1782 multa
695 1745 844 1782 dicendi
871 1745 1069 1783 necessitas
1093 1744 1274 1796 quaedam

158 1797 337 1849 imposita
369 1806 422 1836 est
455 1800 502 1836 ab
532 1799 611 1836 illo.
655 1799 775 1845 Nam,
810 1798 841 1836 si
870 1798 1091 1849 Torquatus
1121 1798 1271 1837 Sullam

159 1852 286 1890 solum
305 1853 527 1897 accusasset,
542 1865 611 1903 ego
623 1865 775 1903 quoque
785 1852 858 1890 hoc
869 1860 1037 1903 tempore
1056 1852 1152 1890 nihil
1167 1851 1275 1889 aliud

163 1904 371 1957 [agerem,]
400 1906 472 1943 nisi
501 1919 603 1954 eum,
635 1906 702 1957 qui
731 1913 927 1944 accusatus
955 1914 1064 1955 esset,
1095 1905 1276 1944 defende-

160 1972 265 1997 rem:
297 1960 362 1997 sed
380 1972 469 1997 cum
486 1959 564 2006 ille,
578 1959 656 1998 tota
673 1960 741 1997 illa
760 1960 941 2007 oratione,
961 1960 1002 1997 in
1020 1973 1084 1998 me
1102 1966 1197 1998 esset
1214 1959 1277 1996 in-

162 2020 320 2058 vectu53
351 2020 388 2051 et
417 2026 505 2051 cum
524 2013 647 2061 initio,
674 2021 719 2051 ut
736 2013 831 2062 dixi,
859 2014 1116 2052 defensionem
1145 2025 1274 2051 meam

163 2067 384 2105 auctoritate
413 2067 575 2118 spoliare
607 2068 812 2113 voluisset;
844 2068 957 2106 etiam
991 2068 1023 2105 si
1041 2068 1148 2106 dolor
1165 2079 1274 2104 meus

164 2120 388 2172 respondere
406 2133 483 2159 non
498 2129 659 2174 cogeret,
681 2130 809 2162 tamen
827 2121 911 2173 ipsa
928 2134 1041 2160 causa
1058 2121 1198 2160 hanc-a
1215 2131 1281 2158 me

166 2174 375 2213 orationem
393 2175 611 2226 flagitasset.
