1455 2343
163 82 242 126 372
428 82 542 121 PRO
571 83 775 122 COELIO.
806 83 909 122 (xxv.
941 85 1008 122 294

158 189 275 239 nique
292 190 405 241 longe
423 191 498 228 alia
516 198 570 230 est
585 191 673 228 solis
686 199 723 229 et
740 191 978 242 lychnorum.
1008 190 1273 238 Quamobrem

158 243 394 282 excutiemus
412 257 543 282 omnes
561 246 719 282 istorum
747 245 912 293 delicias,
938 257 1070 282 omnes
1094 244 1269 295 ineptias,

156 296 190 333 si
207 297 424 347 prodierint.
462 299 550 345 Sed,
572 299 602 337 si
620 312 683 336 me
702 298 871 345 audiant,
892 305 1032 336 navent
1049 297 1164 335 aliam
1183 310 1273 348 ope-

157 363 265 395 ram;
296 351 411 389 aliam
431 352 559 390 ineant
580 353 741 403 gratiam
757 366 768 397 3
799 353 838 388 in
859 352 941 390 aliis
960 365 998 390 se
1017 353 1129 389 rebus
1148 358 1271 389 osten-

158 410 262 442 tent:
294 405 446 455 vigeant
463 406 567 456 apud
589 407 704 443 istam
733 406 932 443 mulierem
952 411 1174 443 venustate:
1205 404 1272 442 do-

156 457 351 495 minentur
380 461 569 498 sumtibus
587 474 596 497 :
627 460 807 505 haereant,
836 460 1000 508 jaceant,
1030 457 1241 497 deserviant
1257 473 1266 494 ι

156 511 269 562 capiti
290 525 376 550 vero
394 513 602 551 innocentis
617 520 654 550 et
672 513 833 550 fortunis
851 519 1018 563 parcant.

211 565 373 603 XXIX.
403 567 461 604 At
481 575 569 604 sunt
588 566 685 604 servi
704 566 774 614 ini,
792 566 838 603 dc
858 572 1106 616 cognatorum
1125 572 1272 604 senten-

157 617 549 662 tiamobilissimorum
563 628 599 658 et
610 620 904 657 clarissimorum
915 619 1273 666 hominum,manu-

154 672 275 710 missi.
307 673 481 711 Tandem
503 674 649 725 aliquid
667 673 898 717 invenimus,
919 672 1022 724 quod
1032 672 1104 710 ista
1117 673 1271 720 mulier,

155 725 204 763 de
233 739 389 764 suorum
421 727 740 778 propinquorum,
770 726 1065 764 fortissimorum
1088 726 1271 773 virorum,

157 781 343 818 sententia
357 788 472 832 atque
491 781 725 827 auctoritate,
745 780 876 818 fecisse
894 780 1051 818 dicatur.
1080 778 1157 818 Sed
1179 779 1272 817 scire

157 833 283 884 cupio,
305 835 399 885 quid
416 835 555 873 habeat
582 834 799 885 argumenti
828 834 900 872 ista
928 833 1202 878 manumissio;
1232 832 1272 870 in

158 900 237 937 qua
266 895 332 925 aut
362 889 504 926 crimen
531 895 586 926 est
619 888 739 927 Coelio
769 888 1002 948 quaesitum,·
1020 894 1087 925 aut
1115 886 1273 938 quaestio

157 941 366 989 sublevata,
387 949 454 980 aut
472 943 684 980 multarum
710 955 836 980 rerum
868 940 1024 980 consciis
1049 941 1164 979 servis
1182 953 1272 978 cum

158 994 271 1032 causa
288 996 492 1046 praernium
510 997 760 1047 persolutum.

209 1048 267 1086 At
286 1049 509 1100 propinquis
527 1050 680 1101 placuit.
711 1050 792 1088 Cur
803 1061 879 1087 non
898 1050 1074 1100 placeret,
1090 1060 1179 1086 cum
1190 1060 1270 1086 rem

157 1108 238 1139 tute
257 1103 306 1140 ad
325 1116 401 1150 eos,
421 1116 498 1141 non
518 1105 566 1141 ab
586 1103 668 1141 aliis
685 1103 756 1141 tibi
779 1103 950 1150 allatam,
982 1103 1047 1140 sed
1075 1115 1099 1140 a
1122 1108 1160 1140 te
1189 1101 1273 1153 ipsa

156 1163 404 1206 compertam,
424 1157 568 1195 deferre
587 1157 727 1195 diceres
744 1159 762 1195 p
792 1157 873 1195 Hic
892 1156 1006 1195 etiam
1024 1155 1225 1203 miramur,
1240 1155 1273 1193 si

155 1208 264 1246 illam
276 1211 580 1249 commenticiam
591 1211 775 1262 pyxidem
787 1210 1066 1249 obscoenissima
1079 1209 1128 1247 sit
1141 1209 1274 1247 fabula

154 1272 353 1302 consecuta
366 1267 383 1302 ’ἓ
412 1265 509 1302 nihil
521 1272 590 1309 est,
607 1265 711 1315 quod
725 1264 766 1302 in
781 1264 969 1313 ejusmodi
979 1263 1181 1301 mulierem
1193 1274 1270 1300 non

155 1316 286 1354 cadere
305 1317 438 1355 videat
432 1332 489 1355 ur.
518 1318 667 1355 Audita
686 1325 723 1355 et
748 1319 1003 1369 percelebrata
1033 1316 1270 1354 sermonibus

155 1382 213 1407 res
232 1376 299 1407 est.
343 1372 541 1431 Percipitis
561 1371 712 1419 animis,
730 1371 890 1420 judices,
908 1370 1156 1420 jamdudum,
1176 1369 1270 1429 quid

159 1421 286 1469 velim,
311 1424 372 1461 vel
389 1425 529 1474 potius,
554 1425 646 1475 quid
666 1424 801 1471 nolim,
821 1424 970 1462 dicere:
1000 1423 1103 1475 quod
1123 1422 1269 1460 etiamsi

157 1482 213 1513 est
231 1476 392 1524 factum,
413 1485 511 1515 certe
525 1491 547 1515 a
562 1478 680 1516 Coelio
694 1490 771 1515 non
787 1485 841 1515 est
858 1477 1015 1515 facturn.
1045 1476 1154 1524 Quid
1167 1475 1269 1514 enim

155 1530 372 1569 attinebat?
401 1530 474 1569 Est
492 1531 596 1568 enim
622 1532 670 1569 ab
699 1532 827 1582 aliquo
845 1531 1001 1569 fortasse
1019 1530 1267 1575 adolescente,

154 1595 231 1621 non
250 1591 331 1621 tam
345 1584 502 1631 insulso,
520 1598 637 1635 quam
652 1596 728 1622 non
740 1584 962 1623 verecundo.
994 1584 1062 1622 Sin
1074 1590 1202 1621 autem
1215 1590 1270 1620 est

156 1636 313 1681 fictum3
344 1650 421 1675 non
440 1638 537 1676 illud
556 1638 712 1688 quidem
733 1638 952 1684 molestum,
983 1637 1049 1675 sed
1068 1644 1196 1674 tamen
1215 1643 1270 1674 est

157 1702 234 1728 non
252 1691 448 1729 inficetum
466 1692 707 1730 mendacium
723 1706 732 1728 :
764 1692 867 1743 quod
880 1691 1048 1742 profecto
1066 1702 1267 1741 nunquam

154 1743 358 1782 hominum
377 1758 498 1783 sermo
513 1753 627 1796 atque
645 1745 772 1796 opinio
791 1745 1083 1795 comprobasset,
1099 1743 1172 1781 nisi
1185 1756 1271 1781 om-

156 1797 234 1848 nia,
255 1811 342 1849 quae
360 1811 450 1837 cum
468 1799 704 1850 turpitudine
718 1799 849 1850 aliqua
863 1799 1088 1844 dicerentur,
1101 1797 1142 1834 in
1156 1796 1268 1835 istam

152 1852 343 1902 quadrare
361 1859 449 1903 apte
466 1852 694 1891 viderentur.

211 1905 327 1943 Dicta
345 1914 400 1944 est
412 1919 435 1943 a
448 1919 510 1944 me
525 1919 651 1950 causa,
669 1906 828 1956 judices,
843 1912 880 1943 et
893 1912 1075 1957 perorata.
1103 1904 1133 1942 J
1135 1916 1199 1942 am
1210 1904 1270 1941 in-

155 1958 338 2009 telligitis,
368 1967 556 2011 quantum
580 1960 768 2008 judicium
787 1959 1014 2005 sustineatis,
1042 1964 1187 2009 quanta
1210 1970 1269 1995 res

157 2012 206 2049 sit
223 2013 423 2051 commissa
442 2014 558 2052 vobis.
589 2013 651 2050 De
670 2014 707 2050 vi
727 2013 917 2064 quaeritis:
947 2025 1034 2063 quae
1051 2013 1116 2049 lex
1134 2011 1183 2048 ad
1193 2011 1267 2048 im-

152 2066 316 2115 perium,
336 2067 385 2104 ad
403 2068 655 2116 majestatem,
671 2067 719 2104 ad
731 2074 870 2104 statum
884 2066 1030 2117 patriae,
1044 2065 1094 2102 ad
1105 2065 1267 2102 salutem

152 2119 342 2166 omnium,
363 2121 548 2172 pertinet:
579 2133 696 2172 quam
716 2121 839 2170 legem
870 2121 920 2168 Q.
943 2118 1103 2157 Catulus
1120 2117 1265 2155 armata
