1425 2334
331 82 443 122 PRO
473 81 643 122 DOMO
673 83 793 123 SUA.
826 83 928 121 Cn.
950 83 1013 121 36.
1145 82 1218 119 163

121 190 237 236 enim,
261 189 469 240 pontifices,
495 188 613 227 debeo
634 189 754 227 dicere
769 192 786 227 Ρ
827 189 975 227 Peccati
999 201 1060 226 me
1082 188 1221 226 consci-

121 242 222 280 entia
245 242 451 293 profugisse
466 244 484 281 ἶ)
520 242 579 279 At
605 241 658 289 id,
689 242 790 292 quod
814 242 909 279 mihi
931 241 1078 280 crimini
1105 241 1220 279 daba-

121 302 196 341 tur,
217 307 293 332 non
310 295 423 334 modo
439 302 635 346 peccatum
653 307 729 332 non
747 302 838 340 erat,
863 295 928 332 sed
945 302 1022 332 erat
1040 307 1110 341 res,
1137 301 1221 345 post

122 353 228 385 natos
246 347 416 386 homines
440 347 702 399 pulcherrima.
733 348 932 385 ,Iudicium
949 347 1081 398 populi
1105 347 1220 397 perti-1

121 400 291 439 muisse?
319 404 376 439 At
390 401 429 438 id
439 414 507 439 nec
518 401 750 452 propositum
762 402 885 438 ullum
898 400 970 437 fuit
984 414 995 445 ;
1017 407 1065 446 et,
1080 400 1110 437 si
1129 399 1222 437 fuis-

123 460 192 500 set,
222 453 413 505 duplicata
447 453 567 505 gloria
602 454 859 492 discessissem.
900 454 1095 491 Bonorum
1125 452 1220 489 mihi

123 506 342 556 praesidium
358 507 548 546 defuisse?
577 506 716 545 falsum
736 514 801 546 est.
839 507 910 545 Me
927 514 1086 544 mortem
1106 505 1221 543 timu-

122 559 224 598 isse?
253 567 362 611 turpe
379 568 445 598 est.

174 612 374 652 XXXVI.
404 613 620 652 Dicendum
639 614 753 664 igitur
768 620 822 651 est
838 613 891 660 id,
907 612 1009 664 quod
1027 624 1102 649 non
1122 610 1221 650 dice-

123 678 217 713 rem,
241 666 313 704 nisi
332 674 502 705 coactus:
536 667 648 709 (nihil
667 667 767 704 enim
792 679 963 717 unquam
988 666 1034 702 de
1058 677 1120 702 me
1141 664 1221 702 dixi

121 719 319 767 sublatius,
339 719 583 758 adsciscendae
599 720 722 757 laudis
740 720 852 757 causa
866 720 1005 770 potiuS,
1025 730 1141 768 quam
1153 717 1223 754 cri-

122 771 235 810 minis
253 772 464 823 depellendi
477 772 509 820 z)
530 773 611 810 dico
625 773 753 823 igitur,
775 780 810 810 et
822 785 937 822 quam
949 783 1102 822 possum
1114 782 1223 808 max-

124 824 204 862 ima
215 838 303 863 voce
320 825 402 863 dico
415 840 427 863 ε
448 826 549 864 Cum
563 825 734 863 omnium
753 826 984 876 perditorum
999 832 1036 863 et
1053 824 1224 871 conjura-

126 884 250 915 torum
280 878 433 916 incitata
457 880 526 927 vis,
550 878 644 917 duce
669 879 819 916 tribuno
843 878 976 928 plebis,
1006 876 1223 915 consulibus

125 931 352 978 auctoribus,
376 931 513 969 afflicto
535 939 680 976 senatu,
707 931 908 981 perterritis
933 930 1120 981 equitibus
1143 929 1222 966 Ro-

128 983 263 1031 manis,
284 984 461 1034 suspensa
480 998 522 1022 ac
541 983 697 1022 sollicita
716 984 794 1021 tota
813 984 972 1029 civitate,
993 995 1068 1020 non
1087 989 1166 1019 tam
1183 981 1224 1018 in

123 1049 186 1075 me
199 1037 383 1086 impetum
401 1036 550 1083 faceret,
576 1049 689 1087 quam
711 1050 777 1087 per
794 1049 855 1074 me
873 1036 912 1073 in
932 1048 1061 1073 omnes
1078 1037 1219 1072 bonos·
1208 1063 1220 1079 ‚

124 1101 186 1127 me
215 1089 364 1136 vidisse,
389 1090 422 1127 si
440 1090 624 1137 vicissem,
647 1097 776 1127 tenues
801 1089 1014 1139 reipublicae
1033 1087 1222 1138 reliquias,

124 1142 156 1180 si
174 1142 292 1180 victus
310 1155 441 1189 essem,
462 1143 598 1189 nullas,
619 1143 775 1180 futuras.
814 1142 930 1189 Quod
952 1154 1038 1179 cum
1058 1140 1222 1189 judicas-

125 1207 229 1240 sem,
266 1195 398 1233 deflevi
422 1195 592 1245 conjugis
614 1196 760 1233 miserae
782 1195 994 1241 discidium,
1018 1194 1222 1230 liberorum

124 1248 400 1286 carissimorum
419 1249 673 1295 solitudinem,
693 1248 816 1285 fratris
834 1248 996 1285 absentis
1011 1246 1223 1284 amantissi-

121 1301 176 1339 mi
195 1308 308 1352 atque
324 1301 458 1352 optimi
472 1314 614 1348 casum,
627 1301 768 1339 subitas
782 1300 1053 1338 fundatissimae
1070 1299 1225 1337 familiae

123 1354 274 1392 ruinas:
304 1355 368 1392 sed
384 1354 444 1392 his
462 1355 637 1393 omnibus
656 1356 766 1392 rebus
778 1354 893 1392 vitam
908 1352 1102 1412 anteposui
1119 1364 1222 1389 meo-

122 1419 209 1445 rum
224 1407 386 1452 civium;
416 1420 572 1458 remque
588 1408 780 1468 publicam
806 1407 996 1445 concidere
1014 1405 1126 1443 unius
1145 1405 1220 1443 dis-

122 1472 242 1508 cessu,
262 1473 378 1511 quam
397 1461 569 1498 omnium
586 1460 739 1498 interitu
757 1460 934 1508 occidere,
959 1458 1091 1497 malui.
1129 1459 1222 1518 Spe-

124 1513 218 1560 ravi,
234 1513 303 1562 (id,
319 1514 421 1574 quod
434 1514 582 1560 accidit)
595 1526 657 1551 me
672 1515 858 1562 jacentem
870 1526 987 1574 posse
991 1525 1014 1549 a
1027 1511 1119 1550 vivis
1134 1511 1222 1549 viris

123 1566 280 1607 fortibus
299 1567 479 1613 excitari3
509 1567 540 1605 si
557 1567 635 1605 una
646 1579 733 1606 cum
748 1566 854 1606 bonis
867 1565 1102 1613 interiissem,
1115 1564 1221 1602 nullo

122 1619 234 1660 modo
251 1632 357 1670 posse
374 1620 540 1659 recreari.

179 1673 337 1724 Accepi,
373 1673 578 1724 pontifices,
615 1686 798 1724 magnum
828 1680 941 1724 atque
968 1671 1222 1710 incredibilem

123 1725 190 1769 (1,01
191 1738 317 1764 orem:
346 1739 422 1764 non
446 1739 565 1778 nego:
596 1739 718 1778 neque
737 1727 848 1765 istam
869 1725 964 1764 mihi
982 1724 1143 1763 adscisco
1161 1737 1219 1761 sa-

125 1778 320 1829 pientiam,
358 1792 473 1840 quam
505 1780 679 1818 nonnulli
709 1780 748 1818 in
777 1793 839 1818 me
867 1779 1117 1830 requirebant,
1155 1777 1222 1827 qui

125 1843 189 1869 me
209 1831 336 1869 animo
353 1832 465 1871 nimis
482 1832 599 1871 fracto
624 1846 702 1871 esse
726 1840 839 1884 atque
863 1832 999 1870 afflicto
1016 1831 1223 1881 loqueban-

126 1892 198 1922 t.ur
227 1884 294 1921 An
313 1897 381 1935 ego
398 1893 580 1936 poteram,
607 1899 694 1924 cum
712 1900 735 1924 a
755 1893 811 1924 tot
831 1898 957 1923 rerum
975 1884 1081 1922 tanta
1105 1882 1223 1921 varie-

126 1944 201 1975 tate
219 1937 412 1976 divellerer
436 1941 546 1989 (quas
563 1939 698 1977 idcirco
717 1947 908 1990 praetereo,
931 1936 1034 1989 quod
1051 1948 1098 1973 ne
1121 1947 1222 1972 nunc

127 1990 281 2041 quidem
310 1991 389 2028 sine
416 1991 505 2030 fletu
535 2005 825 2030 commemorare
852 1996 1037 2043 possum),
1067 1987 1224 2025 inficiari

126 2056 187 2081 me
218 2056 296 2081 esse
326 2043 532 2092 hominem,
562 2054 598 2084 et
628 2057 868 2084 communem
900 2050 1043 2082 naturae
1071 2052 1221 2078 sensum

125 2096 356 2147 repudiare?
399 2097 504 2135 Tum
533 2111 618 2137 vero
646 2111 767 2149 neque
798 2097 892 2136 illud
920 2107 1049 2134 meum
1077 2093 1219 2131 factum

123 2148 325 2198 laudabile,
363 2161 430 2190 nec
458 2151 680 2192 beneficium
706 2152 829 2190 ullum
866 2164 889 2189 a
919 2162 980 2187 mc
1001 2148 1040 2186 in
1071 2158 1223 2198 tempu-2
