1384 2334
303 94 416 132 PRO
445 93 668 132 SEX'rlt).
701 94 803 130 CAP.
825 94 893 129 35.
1071 91 1147 127 :2923

92 199 293 238 XXXIV.
325 200 444 245 Tum,
474 199 647 250 princeps
667 205 818 249 rogatus
838 199 1074 240 sententiam,
1098 196 1144 233 11.

32 255 146 292 Cotta
176 252 275 290 dixit
298 253 368 300 (id,
396 253 498 303 quod
525 252 791 313 dignissimum
820 252 1011 302 republica
1038 250 1143 291 fuit).

33 306 128 344 nihil
146 305 194 343 de
211 318 275 344 me
292 312 419 344 actum
431 318 509 343 esse
524 306 623 354 jure,
637 306 732 343 nihil
747 316 851 342 more
865 306 1069 353 majorum,
1084 304 1142 338 ni-

36 359 92 396 hil
105 359 276 409 legibus:
306 371 382 396 non
396 371 502 409 posse
511 371 744 410 quemquam
752 359 798 396 de
808 358 864 396 civ
865 359 955 395 itate
969 357 1050 394 tolli
1065 355 1145 392 sine

27 412 197 461 judicio:
229 411 276 450 de
303 412 424 464 capite
450 425 527 450 non
555 413 668 451 modo
693 412 795 458 ferri,
823 411 886 449 sed
912 424 959 448 nc
979 408 1139 459 judicari

32 465 189 516 quidem
210 478 332 516 posse,
357 466 429 503 nisi
450 466 610 504 comitiis
641 465 883 504 centuriatis.
920 464 995 501 vim
1030 462 1119 500 fuiss
1105 474 1144 499 se

33 519 155 566 illam,
168 518 365 557 flammam
377 527 562 570 quassatae
575 519 804 570 reipublicae,
821 519 1080 580 perturbatoru
1086 528 1142 553 m-

34 585 110 624 que
129 579 359 623 temporum,
376 573 462 621 jure
476 572 704 624 judiciisque
716 572 897 610 sublatis.
928 581 1069 620 magna
1088 581 1145 605 re-

35 637 122 663 rum
140 626 420 676 perturbatione
438 626 692 677 impendente,
705 625 909 663 declinasse
928 636 990 661 me
1007 622 1144 673 paulu-

35 679 135 726 lum,
155 685 205 726 et,
225 691 292 730 spe
309 679 465 730 reliquae
482 679 777 730 tranquillitatis,
790 687 989 729 praesentes
1008 677 1145 714 fluctus

34 738 373 784 tempestatemque
391 732 545 783 fugisse.
575 732 719 780 Quare,
735 745 823 770 cum
842 733 974 769 absens
993 741 1145 779 rempu-

37 785 177 823 blicam
200 797 276 823 non
298 785 426 824 minus
450 786 600 836 magnis
627 785 819 837 periculis,
839 797 956 835 quam
979 782 1146 834 quodam

34 846 203 888 tempore
221 851 397 889 praesens,
417 839 652 886 liberassem,
668 851 744 877 non
761 838 907 876 restitui
924 849 986 874 me
1005 836 1144 880 solum,

33 891 100 929 sed
118 891 231 929 etiam
257 891 396 938 ornari,
426 905 450 929 a
467 899 598 930 senatu
617 892 756 930 decere.
786 889 1007 942 Disputavit
1031 889 1144 926 etiam

34 944 158 982 multa
183 944 400 995 prudenter,
421 944 475 982 ita
499 944 546 982 de
571 958 633 983 me
657 946 769 982 illum
788 943 1089 982 amentissimum
1108 947 1146 978 et

35 997 386 1048 profligatissimum
408 997 554 1036 hostem
576 998 730 1049 pudoris
754 1005 790 1035 et
814 996 1004 1048 pudicitiae
1022 995 1147 1055 'scrip-

35 1050 126 1088 sisse
145 1064 232 1102 quae
250 1051 457 1102 scripserat,
483 1051 528 1089 iis
546 1051 682 1098 verbis,
708 1053 837 1110 rebus,
860 1048 1064 1095 sententiis,
1086 1054 1143 1093 ut,

38 1102 154 1141 etiam
172 1104 203 1141 si
218 1105 304 1153 jure
323 1111 418 1142 esset
439 1112 629 1155 rogatum,
649 1112 776 1142 tamen
804 1104 881 1141 vim
906 1104 1043 1141 habere
1068 1112 1143 1138 non

37 1164 184 1207 posset:
215 1170 332 1208 quare
349 1170 425 1205 me,
446 1157 514 1208 qui
531 1158 640 1196 1111118
657 1158 740 1208 lege
754 1159 935 1203 abessem,
952 1168 1027 1193 non
1039 1153 1145 1192 resti-

38 1210 95 1247 tui
112 1210 208 1260 lege,
229 1210 294 1248 sed
311 1211 474 1249 revocari
492 1213 640 1249 senatus
659 1211 890 1257 auctoritate,
910 1216 1090 1260 oportere.

90 1263 222 1311 Hunc,
248 1276 361 1302 nemo
386 1271 478 1311 erat,
505 1264 599 1315 quin
619 1264 807 1302 verissime
833 1263 969 1301 sentire
993 1261 1143 1299 diceret.

35 1316 114 1354 Sed
131 1323 218 1367 post
231 1329 321 1354 eum
338 1324 490 1368 rogatus
509 1317 581 1355 Cn.
599 1317 818 1368 Pompeius,
838 1314 1045 1377 approbata
1062 1315 1145 1351 lau-

34 1369 201 1431 dataque
220 1369 342 1408 Cottae
360 1370 556 1417 sententia,
577 1370 688 1417 dixit,
716 1383 809 1417 sese,
839 1369 906 1407 otii
924 1368 999 1406 mei
1017 1380 1143 1412 causa,

38 1429 82 1460 ut
98 1423 203 1461 omni
216 1423 390 1474 populari
404 1423 648 1462 concitatione
660 1423 893 1474 defungerer,
908 1434 1068 1465 censere,
1086 1427 1142 1466 ut,

36 1475 85 1513 ad
103 1479 252 1514 senatus
270 1476 544 1524 auctoritatem,
569 1477 703 1528 populi
725 1489 875 1528 quoque
894 1474 1061 1513 Romani
1079 1475 1144 1511 be-

38 1529 216 1567 neficium
227 1543 316 1580 erga
325 1542 388 1568 me
402 1529 680 1590 adjungeretur.
701 1529 804 1568 Cum
818 1542 850 1566 o
842 1541 948 1566 mnes
959 1526 1142 1572 certatim,

38 1581 211 1633 aliusque
236 1583 311 1620 alio
338 1583 489 1634 gravius
512 1589 626 1634 atque
643 1583 824 1629 ornatius,
845 1582 892 1620 de
915 1594 1003 1620 mea
1024 1580 1144 1618 salute

37 1635 204 1695 dixisset,
224 1635 403 1687 fieretque
428 1636 508 1674 sine
531 1636 614 1674 ulla
630 1636 807 1674 varietate
831 1635 1031 1679 discessio;
1062 1646 1144 1671 sur-

39 1687 149 1735 rexit,
170 1694 215 1725 ut
233 1689 349 1737 scitis,
368 1689 515 1728 Atilius
532 1690 594 1728 hic
607 1689 825 1728 Gavianus:
856 1701 925 1726 1188
943 1700 1055 1726 ausus
1074 1692 1142 1733 est,

38 1754 126 1778 cum
146 1748 240 1779 esset
257 1748 394 1790 emtus,
406 1742 656 1789 intercedere3
687 1749 835 1781 noctem
850 1742 920 1780 sibi
937 1742 986 1779 ad
1004 1739 1144 1778 delibe-

40 1793 203 1832 randum
221 1795 436 1846 postulavit.
465 1796 620 1835 Clamor
634 1798 796 1843 senatus,
811 1795 985 1847 querelae,
1001 1804 1142 1844 preces,

40 1859 142 1885 socer
161 1847 210 1885 ad
227 1848 341 1898 pedes
359 1849 538 1898 abjectus.
569 1850 641 1887 Ille
659 1863 698 1888 se
712 1850 910 1893 affirmare,
924 1860 990 1898 pos
991 1854 1071 1884 tero
1084 1845 1146 1882 die

40 1912 187 1938 moram
205 1901 353 1939 nullam
371 1914 448 1940 esse
465 1902 670 1940 facturum.
699 1902 896 1942 Creditum
911 1908 989 1939 est.
1010 1899 1145 1936 disces-

41 1965 127 1990 sum
147 1961 214 1991 est.
245 1954 310 1992 Illi
328 1954 469 1993 interea
486 1956 722 1994 deliberatori
732 1968 887 2001 merceS,
902 1952 1017 2003 longa
1029 1952 1145 1989 inter-

39 2006 163 2057 posita
181 2013 302 2054 nocte,
318 2007 510 2059 duplicata
527 2016 595 2048 est.
624 2008 826 2048 Consecuti
844 2008 922 2044 dies
934 2004 1044 2057 pauci
1062 2016 1144 2041 om-

39 2059 131 2097 nino
150 2059 336 2100 Januario
352 2073 494 2110 mense,
514 2075 581 2114 per
599 2075 694 2114 quos
719 2069 890 2101 senatum
911 2058 1041 2097 haberi
1058 2057 1148 2094 1188-

40 2119 123 2150 ret:
154 2113 218 2150 sed
238 2120 365 2152 tamen
383 2124 511 2154 actum
525 2116 634 2164 nihil,
655 2116 727 2154 11131
745 2115 791 2152 (18
808 2127 882 2151 1118.

93 2165 269 2205 XXXV.
299 2168 416 2216 Cum,
441 2169 546 2207 omni
574 2170 695 2219 mora,
715 2166 985 2213 ludificatione,
1007 2165 1150 2203 calum-

778 2223 801 2258 2
818 2231 840 2257 c
862 2221 885 2255 ,3
