1455 2343
209 111 289 150 354
481 112 594 152 PRO
624 111 828 151 COELIO.
860 111 964 151 CAP.
989 113 1050 152 11.

203 231 281 257 csse
296 220 527 269 sejunctam:
550 234 673 272 neque
692 221 814 258 solum
835 220 990 267 Coelius,
1010 220 1074 258 sed
1094 220 1209 258 etiam
1227 221 1318 259 ado-

201 271 381 311 lescentes
399 274 662 313 humanissimi
677 282 713 312 et
724 274 942 319 doctissimi,
956 274 1170 312 rectissimis
1184 274 1318 313 studiis

203 332 318 376 atque
343 328 496 378 optimis
521 329 664 367 artibus
688 327 850 379 praediti,
875 328 989 365 Titus
1020 327 1211 379 Caiusque
1240 328 1318 367 Co-

201 379 320 429 ponii,
335 381 401 432 qui
421 395 467 419 ex
486 383 663 420 omnibus
674 382 842 419 maxime
857 381 992 418 Dionis
1004 389 1165 419 mortem
1185 381 1317 420 dolue-

201 440 315 479 runt3
348 435 428 485 qui,
450 449 537 473 cum
557 436 734 473 doetrinae
762 435 885 472 studio
913 443 1027 485 atque
1051 434 1314 483 humanitatis,

202 491 286 523 turn
307 487 420 525 etiam
439 489 602 541 hospitio
622 489 771 535 Dionis,
787 490 1024 526 tenebantur.
1054 488 1266 526 Habitabat
1284 488 1316 526 is

202 540 304 589 apud
333 541 380 578 L.
403 542 624 589 Lucceium,
647 550 690 579 ut
709 542 877 579 audistis.
915 541 1057 579 Fuerat
1085 542 1118 579 ei
1144 541 1316 592 cognitus

199 593 458 633 Alexandriae.
481 596 588 643 Quid
597 604 663 634 aut
674 596 748 641 hic,
763 602 829 632 aut
844 607 994 633 summo
1008 595 1206 645 splendore
1217 608 1315 645 prae-

202 645 317 693 ditus,
338 648 452 687 frater
471 651 566 698 ejus,
587 650 634 687 de
654 649 714 687 M.
736 649 854 687 Coelio
874 648 1077 695 existimet,
1091 661 1138 686 ex
1157 648 1263 698 ipsis,
1284 649 1316 686 si

199 701 373 750 producti
401 712 524 751 erunt,
550 703 719 741 audietis.
750 702 856 752 Ergo
873 702 955 740 haec
972 708 1250 749 removeantur,
1271 709 1316 740 ut

198 753 417 804 aliquando,
439 756 477 793 in
498 758 636 808 quibus
656 770 767 795 causa
780 756 927 802 nititur,
948 755 997 793 ad
1016 769 1059 793 ea
1078 755 1287 793 veniamus.

260 808 337 844 XI.
367 810 636 849 Animadverti
668 810 783 858 enim,
812 809 973 858 judices,
1003 808 1126 846 audiri
1156 822 1179 846 a
1209 809 1316 847 vobis

199 873 328 898 meum
341 862 581 911 familiarem,
598 864 645 901 L.
661 863 917 908 Herennium,
927 869 1146 913 perattente.
1177 862 1225 899 In
1238 875 1316 913 quo

200 915 269 952 etsi
296 917 438 966 magna
466 931 513 955 ex
540 927 646 969 parte
672 917 823 968 ingenio
849 918 931 965 ejus
951 923 986 953 et
1005 916 1154 953 dicendi
1181 927 1316 966 genere

200 968 366 1018 quodam
395 972 649 1017 tenebamini3
680 979 807 1009 tamen
835 982 1113 1020 nonnunquam
1143 971 1311 1016 verebar,

199 1033 248 1059 ne
266 1022 346 1070 illa,
368 1025 554 1063 subtiliter
568 1026 616 1063 ad
636 1025 917 1063 criminandum
936 1023 1104 1070 inducta,
1125 1022 1243 1061 oratio
1265 1023 1314 1060 ad

197 1075 343 1114 animos
376 1085 515 1116 vestros
548 1079 686 1117 sensim
723 1092 766 1116 ac
797 1078 931 1116 leniter
963 1077 1161 1115 accederet.
1203 1075 1316 1115 Dixit

197 1129 299 1166 enim
319 1131 440 1168 multa
467 1132 512 1169 de
540 1133 709 1179 luxurifi,
729 1132 853 1170 multa
867 1132 912 1169 de
933 1130 1104 1178 libidine,
1125 1130 1249 1167 multa
1267 1130 1314 1168 de

195 1182 295 1220 vitiis
311 1184 535 1233 juventutis,
555 1187 678 1224 multa
706 1186 752 1223 de
779 1185 973 1229 moribus;
1004 1191 1054 1231 et,
1084 1185 1151 1235 qui
1168 1183 1208 1220 in
1227 1184 1314 1222 reli-

195 1236 274 1286 qua
293 1237 371 1274 vita
389 1238 493 1276 mitis
512 1247 620 1286 esset,
642 1248 678 1278 et
696 1239 736 1276 in
755 1240 826 1277 hac
845 1239 1029 1277 suavitate
1047 1236 1310 1285 humanitatis,

195 1288 271 1339 qua
289 1303 406 1341 prope
430 1293 512 1340 jam
540 1293 773 1331 delectantur
800 1292 987 1338 homines,
1016 1291 1155 1328 versari
1183 1292 1311 1341 perju-

195 1343 317 1381 cunde
350 1345 495 1392 soleret,
519 1347 594 1392 fuit
623 1346 662 1383 in
692 1347 763 1384 hac
794 1346 907 1384 causa
943 1344 1124 1395 pertristis
1153 1344 1310 1395 quidam

193 1403 366 1446 patruus,
396 1411 539 1447 censor,
569 1400 760 1450 magister.
791 1398 1023 1447 Objurgavit
1046 1397 1106 1434 M.
1129 1397 1308 1445 Coelium,

194 1449 290 1487 sicut
309 1451 501 1489 neminem
528 1465 701 1503 unquam
729 1465 876 1503 parens.
913 1451 1046 1488 Multa
1073 1451 1120 1488 de
1147 1451 1308 1489 inconti-

192 1502 320 1541 nentia
338 1504 704 1557 intemperantiaque
718 1506 904 1544 disseruit.
933 1503 1041 1550 Quid
1053 1505 1233 1554 quaeritis,
1244 1507 1309 1554 ju-

191 1556 324 1595 dices?
353 1558 593 1608 ignoscebam
619 1560 723 1598 vobis
751 1567 891 1597 attente
909 1557 1164 1605 audientibus,
1193 1572 1309 1611 prop-

192 1617 292 1648 terea
311 1612 414 1661 quod
435 1622 583 1662 egomet
608 1621 688 1651 tam
715 1613 819 1651 triste
843 1611 940 1650 illud
965 1619 1001 1648 et
1023 1618 1103 1648 tam
1127 1625 1304 1664 asperum

190 1676 310 1714 genus
329 1665 506 1703 orationis
525 1666 737 1706 horrebam.

244 1718 308 1755 Ac
326 1718 450 1768 prima
476 1733 563 1770 pars
581 1721 653 1758 fuit
672 1722 751 1767 illa,
773 1734 859 1771 quae
877 1733 940 1759 me
957 1719 1086 1758 minus
1113 1721 1304 1770 movebat,

190 1771 306 1809 fuisse
332 1784 418 1810 meo
453 1775 658 1812 necessario
686 1775 828 1813 Bestiae
856 1775 1019 1813 Coelium
1051 1774 1277 1813 familiarem
1291 1789 1303 1813 t

190 1825 354 1863 coenasse
368 1826 471 1877 apud
486 1840 589 1873 eum,
606 1829 805 1867 ventitasse
819 1829 993 1875 domum,
1008 1827 1193 1867 studuisse
1207 1842 1304 1879 prae-

191 1885 299 1916 turae.
342 1880 434 1916 Non
466 1893 528 1918 me
557 1882 638 1920 haec
673 1889 841 1929 movent,
873 1896 960 1933 quae
987 1881 1183 1933 perspicue
1210 1882 1307 1920 falsa

191 1940 302 1970 sunt:
334 1933 474 1971 etenim
493 1947 554 1972 eos
572 1936 651 1973 una
670 1937 833 1974 coenasse
852 1936 955 1983 dicit,
976 1936 1044 1987 qui
1061 1942 1128 1974 aut
1146 1937 1300 1984 absunt,

189 1993 256 2023 aut
275 1985 415 2037 quibus
432 1999 580 2026 necesse
599 1996 654 2026 est
672 1989 773 2027 idem
792 1989 924 2027 dicere.

242 2039 382 2090 Neque
401 2053 487 2078 vero
505 2041 602 2079 illud
620 2055 683 2080 me
701 2050 925 2092 commovet,
947 2043 1050 2094 quod
1068 2043 1139 2081 sibi
1157 2043 1197 2080 in
1216 2043 1301 2081 Lu-

188 2093 308 2142 percis
327 2093 494 2132 sodalem
514 2108 591 2133 esse
611 2095 774 2134 Coelium
794 2096 902 2134 dixit.
933 2097 1031 2135 Fera
1049 2097 1225 2148 quaedam
1241 2109 1300 2135 so-

186 2145 336 2193 dalitas,
347 2154 383 2185 et
396 2148 509 2198 plane
520 2150 718 2199 pastoricia
729 2158 843 2202 atque
854 2150 1021 2201 agrestis,
1030 2163 1299 2202 germanorum

187 2198 476 2251 Lupercorum3
507 2215 671 2255 quorum
698 2204 808 2244 coitio
835 2204 903 2243 illa
929 2204 1106 2244 silvestris
1132 2207 1220 2243 ante
1247 2210 1303 2242 est
