1425 2334
330 93 393 132 IN
422 93 460 131 V
461 92 734 131 ATINIUM.
767 92 870 131 CAP.
891 95 927 130 5.
1115 93 1190 131 331

100 219 104 222 ·
149 198 203 236 V.
232 198 365 249 Atque
383 199 480 236 illud
503 199 879 237 tenebrioosissimum
898 207 1048 249 tempus
1065 199 1200 237 ineun-

100 251 148 289 tis
170 251 288 289 aetatis
307 259 383 289 tuae
399 252 520 302 patiar
533 252 659 290 latere.
689 253 797 290 Licet
811 253 966 303 impune
978 265 1044 303 per
1057 265 1119 290 me
1132 266 1200 303 pa-

100 304 208 342 rietes
232 305 271 341 in
297 305 543 342 adolescentia
566 305 783 355 perfoderis,
806 306 942 342 vicinos
968 306 1196 356 compilixris,

98 364 259 394 matrem
278 358 504 395 verbex-Aris:
534 357 670 395 habeat
687 358 758 396 hoc
775 358 974 409 praemium
994 366 1060 395 tua
1078 358 1201 408 indig-

101 410 213 454 nitas,
239 418 284 448 ut
302 411 557 449 adolescentiae
576 411 769 462 turpitudo
788 411 1011 449 obscuritate
1029 419 1065 448 et
1084 412 1200 449 sordi-

96 464 168 500 bus
182 463 257 501 tuis
275 465 484 514 obtegatur.

76 565 79 567 -
153 515 395 563 Quaesturam
419 517 547 567 petisti
566 530 653 555 cum
674 518 718 555 P.
741 518 882 564 Sextio,
912 530 1000 555 cum
1027 517 1087 555 hic
1105 517 1202 555 nihil

98 569 327 620 loqueretur,
354 570 427 607 nisi
451 570 553 621 quod
576 573 722 620 agebat,
743 579 784 608 tu
807 571 853 608 de
871 571 987 608 altero
1005 572 1200 620 consulatu

100 622 262 672 gerendo
280 630 317 660 te
342 623 479 662 diceres
497 624 669 673 cogitare.
707 624 848 670 Quaero
873 625 938 661 abs
957 631 1007 669 te,
1028 631 1202 661 teneasne

100 676 298 722 memoria,
322 688 409 713 cum
430 676 474 713 P.
496 677 647 714 Sextius
666 686 828 727 quaestor
846 677 892 714 sit
911 677 1052 714 cunctis
1070 677 1204 714 suffra-

100 728 172 778 giis
191 728 324 774 factus,
349 736 439 766 tunc
461 737 498 766 te
516 730 594 777 vix,
619 729 745 766 invitis
769 730 957 775 omnibus,
978 741 1053 766 non
1072 729 1204 780 populi

101 782 294 827 beneficio,
316 781 380 819 sed
399 783 573 827 consulis,
595 790 807 820 extremum
827 782 1053 820 adhaesisse?
1092 783 1138 819 In
1157 795 1201 820 eo

100 835 336 884 magistram,
350 847 437 871 cum
457 835 526 872 tibi
545 847 682 884 magno
701 836 861 872 clamore
880 835 1035 885 aquaria
1052 836 1204 885 provin-

99 887 157 924 cia
174 895 272 925 sorte
285 887 490 937 obtigisset,
510 888 695 925 missusne
714 889 762 925 sis
780 901 802 925 a
819 901 881 924 me
900 888 1050 925 consule
1066 888 1205 926 Puteo-

98 941 169 987 los,
179 948 222 977 ut
232 940 319 978 inde
330 953 464 977 aurum
479 940 665 991 exportari
677 949 950 990 argentumque
962 941 1175 991 prohiberes
1186 944 1204 979 Ρ

99 993 140 1030 in
159 1006 202 1031 eo
220 993 383 1044 negotio,
399 1006 487 1030 cum
507 1000 557 1039 te,
573 1006 648 1030 non
668 994 859 1031 custodem
878 993 926 1030 ad
947 993 1203 1042 continendas,

100 1046 164 1083 sed
186 1045 442 1097 [portitorem]
469 1046 516 1083 ad
536 1046 761 1097 partiendas,
781 1059 921 1084 merces
945 1046 1104 1084 missum
1131 1060 1204 1097 pu-

101 1106 210 1160 tares,
231 1112 394 1150 cumque
413 1100 584 1136 omnium
604 1099 748 1146 domos,
770 1099 980 1150 apothecas,
1001 1111 1074 1136 nav
1076 1113 1127 1146 es,
1143 1100 1206 1137 fu-

102 1152 271 1190 racisime
289 1159 504 1212 scrutarere,
526 1153 773 1203 hominesque
792 1152 941 1205 negotia
959 1160 1126 1212 gerentes
1141 1154 1205 1201 ju-

101 1205 232 1243 diciis
223 1205 467 1256 iniquissimis
484 1205 657 1251 irretires,
676 1213 898 1243 mercatores
917 1218 937 1243 e
956 1205 1043 1242 navi
1062 1206 1206 1255 egredi-

101 1266 204 1296 entes
222 1266 388 1306 terreres,
409 1258 693 1296 conscendentes
711 1271 920 1302 morarere;
942 1265 1114 1295 teneasne
1125 1271 1207 1296 me.

100 1311 235 1357 moria,
255 1311 352 1348 tibi
342 1324 382 1348 1n
401 1320 584 1349 conventu
605 1311 773 1349 Puteolis
791 1324 926 1348 manus
945 1323 1022 1348 esse
1041 1311 1172 1348 allatas
1186 1313 1204 1349 Ρ

100 1364 150 1401 ad
166 1377 229 1402 me
246 1365 435 1402 consulem
450 1364 743 1402 Puteolanorum
760 1365 930 1414 querelas
942 1377 1019 1401 esse
1030 1364 1172 1400 delatas
1187 1366 1204 1402 Ρ

102 1418 195 1455 Post
213 1425 456 1468 quaesturam‚
472 1417 653 1455 exierisne
670 1418 816 1467 legatus
827 1417 867 1454 in
881 1417 1097 1454 ulteriorem
1113 1417 1206 1454 His-

100 1471 268 1522 paniam,
300 1470 345 1508 C.
377 1470 558 1508 Cosconio
587 1471 806 1521 proconsule
821 1473 838 1508 Ρ
881 1470 983 1508 Cum
1011 1469 1108 1506 illud
1137 1469 1207 1507 iter

103 1524 355 1575 Hispaniense
375 1524 535 1574 pedibus
559 1523 636 1561 fere
661 1523 792 1561 confici
817 1523 946 1570 soleat,
967 1532 1047 1569 aut,
1072 1522 1102 1559 si
1121 1524 1206 1573 quis

102 1578 278 1626 navigare
295 1577 397 1625 velit,
418 1585 517 1614 certa
535 1576 582 1614 sit
595 1577 688 1614 ratio
706 1576 932 1626 navigandi3
963 1576 1155 1613 venerisne
1166 1576 1206 1613 in

104 1629 332 1677 Sardiniam,
359 1638 473 1680 atque
497 1629 585 1666 inde
603 1630 643 1666 in
661 1629 865 1666 Africam?
893 1629 1056 1666 fuerisne
1072 1629 1205 1678 (quod,

105 1683 184 1720 sine
202 1683 551 1730 senatus-consulto,
570 1683 640 1720 tibi
657 1683 777 1720 facere
798 1695 874 1719 non
892 1681 1014 1728 licuit)
1034 1681 1074 1717 in
1093 1694 1209 1731 regno

107 1735 366 1795 {liempsalis'x’
394 1735 557 1773 fuerisne
584 1735 625 1772 in
649 1747 764 1785 regno
790 1734 1065 1772 Mastanesosi?
1095 1746 1207 1771 vene-

105 1789 205 1826 risne
223 1788 271 1826 ad
293 1787 431 1826 fretum
453 1801 520 1839 per
546 1788 852 1826 Mauritaniam?
881 1800 994 1838 quem
1021 1787 1112 1824 scias
1135 1799 1208 1823 un-

105 1854 223 1892 quam
240 1842 409 1891 legatum
424 1841 717 1901 Hispaniensem
734 1841 813 1879 istis
830 1840 1053 1878 itineribus
1043 1851 1083 1876 ln
1101 1839 1208 1878 illam

107 1894 339 1945 provinciam
357 1895 567 1945 pervenisse
577 1895 595 1930 ἰ’

111 1968 114 1970 v
161 1947 299 1985 Factus
313 1959 350 1984 es
369 1947 542 1985 tribunus
560 1948 679 1999 plebis
698 1947 807 1998 (quid
826 1947 926 1985 enim
945 1953 981 1983 te
999 1945 1045 1982 de
1064 1945 1207 1995 Hispa-

106 2000 300 2038 niensibus
318 1999 469 2050 flagitiis
486 2000 575 2047 tuis,
589 2000 925 2050 sordidissimisque
944 1997 1067 2045 furtis,
1091 1998 1208 2035 inter-

109 2065 238 2113 rogem
252 2055 288 2100 ?)
307 2065 434 2104 quaero
452 2055 519 2091 abs
539 2060 575 2092 te
592 2054 774 2113 primum,
802 2052 904 2103 quod
929 2063 1047 2102 genus
1067 2050 1209 2101 impro-

108 2105 236 2146 bitatis
266 2113 304 2145 et
331 2105 478 2146 sceleris
505 2106 546 2145 in
578 2119 622 2146 eo
649 2106 871 2157 magistratu
895 2103 1209 2156 praetermiseris?
