1425 2334
366 90 480 135 PRO
508 92 703 135 SULLA.
733 96 836 134 CAP.
867 96 930 133 26.
1147 97 1197 134 69

99 208 290 240 versatum
304 203 323 241 Ρ
348 201 449 251 Quis
460 214 548 241 eum
561 209 688 241 contra
698 201 858 253 patriam
871 210 1104 253 pugnantem
1116 216 1200 254 per-

98 253 185 292 iisse
202 255 374 303 miratur,
401 268 515 307 quem
535 268 681 307 semper
705 267 834 293 omnes
863 255 911 293 ad
930 256 1036 293 civile
1054 256 1202 294 latroci-

97 306 206 345 nium
219 315 351 347 natum
362 311 617 360 putaverunt?
637 308 736 355 Quis
745 309 900 346 Lentuli
912 309 1101 347 societates
1113 322 1200 347 cum

98 359 300 408 indicibus,
328 362 412 413 quis
436 361 620 399 insaniam
640 361 857 409 libidinum,
883 362 968 413 quis
986 375 1200 413 perversam

99 420 214 464 atque
232 415 390 479 impiam
409 415 641 466 religionem,
667 415 895 462 recordatur,
921 415 987 475 qui
1006 415 1116 452 illum
1136 424 1202 452 aut

99 467 240 505 nefarie
258 466 449 518 cogitasse,
469 474 535 506 aut
553 469 666 506 stulte
685 481 864 519 sperasse,
885 469 1072 506 miretur?
1102 468 1202 515 Quis

97 518 147 557 de
166 520 212 558 C.
232 521 414 572 Cethego,
434 528 546 572 atque
558 522 639 570 ejus
658 521 697 558 in
714 521 940 572 Hispaniam
959 521 1200 582 profectione,

98 585 145 610 ac
161 574 208 612 de
227 575 379 613 vulnere
397 574 449 621 Q.
471 574 620 612 Metelli
641 574 715 623 Ρ11,
742 575 893 625 cogitat,
915 576 975 613 cui
994 587 1070 612 non
1090 574 1137 612 ad
1157 575 1203 612 il-

97 627 175 667 lius
192 639 341 679 poenam
361 640 482 665 carcer
500 627 704 665 aedificatus
723 640 799 665 esse
818 628 1019 666 videatur?
1053 627 1204 666 Omitto

101 689 267 728 caeteros,
296 692 344 718 ne
365 681 413 719 sit
429 680 634 718 infinitum.
674 680 846 718 Tantum
866 694 890 718 a
908 681 1012 719 vobis
1039 689 1140 732 pet0,
1161 690 1204 720 ut

101 735 204 774 taciti
221 734 268 772 de
285 733 477 780 omnibus,
499 747 594 785 quos
612 734 825 783 conjurasse
843 734 1036 785 cognitum
1055 741 1123 780 est,
1143 747 1205 773 οο-

101 788 249 840 gitetis:
279 787 509 838 intelligetis,
532 800 848 838 unumquemque
872 788 1024 825 illorum
1055 787 1159 838 prius
1182 801 1205 826 a

100 842 171 880 sua
196 841 287 886 vita,
313 853 429 891 quam
455 841 583 878 nostra
611 841 836 892 suspicione,
860 854 937 878 esse
966 840 1202 878 damnatum.

101 896 236 947 Ipsum
255 894 365 931 illum
378 893 613 931 Autronium
632 894 828 944 (quoniam
845 895 926 942 ejus
937 906 1073 931 nomen
1090 893 1205 931 finiti-

99 960 209 986 mum
229 947 396 984 maxime
415 954 470 984 est
486 947 602 995 hujus
620 947 786 997 periculo
805 953 841 984 et
858 947 1021 993 crimini)
1041 959 1115 984 non
1135 960 1206 985 sua

99 1002 180 1039 11ωο
198 1000 275 1038 vita
293 999 505 1038 convincit?
534 1012 681 1050 semper
699 1000 839 1047 audax,
865 1001 1052 1050 petulans,
1079 1000 1204 1038 libidi-

99 1066 238 1092 nosus:
260 1066 389 1104 quem,
401 1052 440 1089 in
454 1059 668 1104 stuprorum
683 1052 976 1100 defensionibus,
991 1065 1064 1090 non
1079 1054 1202 1091 solum

98 1107 221 1145 verbis
239 1106 295 1144 uti
313 1105 600 1156 improbissimis
619 1105 771 1143 solitum
791 1118 868 1143 esse
893 1106 1045 1152 scimus,
1073 1119 1204 1144 verum

99 1160 213 1199 etiam
231 1158 372 1210 pugnis
391 1166 428 1196 et
451 1159 639 1203 calcibus3
669 1171 783 1209 quem
809 1161 1009 1197 exturbare
1033 1159 1204 1197 homines

101 1227 122 1252 e
150 1211 457 1265 possessionibus,
487 1211 626 1250 caedem
653 1211 772 1249 facere
790 1211 1014 1259 vicinorum,
1046 1213 1205 1263 spoliare

101 1267 191 1305 fana
208 1265 407 1312 sociorum,
427 1265 465 1302 vi
483 1272 659 1303 conatum
682 1273 718 1302 et
743 1265 856 1302 armis
875 1265 1085 1303 disturbare
1100 1265 1205 1314 judi-

100 1320 170 1368 cia,
187 1319 226 1356 in
244 1317 353 1357 bonis
370 1319 482 1356 rebus
499 1330 630 1355 omnes
648 1325 898 1364 contemnere,
914 1318 953 1355 in
972 1318 1082 1356 malis
1106 1332 1205 1370 pug-

99 1385 190 1411 nare
209 1379 337 1410 eontra
354 1372 485 1419 bonos,
505 1382 580 1408 non
601 1371 815 1421 reipublicae
833 1371 974 1418 cedere,
989 1383 1065 1409 non
1084 1372 1204 1410 fortu-

101 1438 160 1463 nae
177 1425 249 1477 ipsi
269 1425 520 1463 succumbere.
556 1423 687 1473 Hujus
705 1424 736 1461 si
754 1436 867 1462 causa
884 1436 958 1462 non
978 1425 1203 1463 manifestis-

100 1479 208 1517 simis
226 1479 338 1516 rebus
366 1484 567 1525 teneretur,
596 1483 723 1515 tamen
755 1489 844 1515 eum
871 1489 994 1516 mores
1020 1478 1140 1529 ipsius
1159 1491 1202 1516 ac

100 1533 179 1570 vita
190 1531 460 1570 convincerent.

155 1583 315 1623 XXVI.
343 1584 540 1634 Agedum,
561 1583 724 1622 conferte
749 1596 850 1622 nunc
876 1596 963 1623 cum
994 1584 1068 1622 illis
1087 1584 1204 1623 vitam

103 1638 149 1675 P.
171 1638 302 1685 Sullae,
321 1636 426 1675 vobis
444 1636 660 1688 populoque
679 1638 854 1675 Romano
872 1637 1122 1685 notissimam,
1142 1639 1205 1686 ju-

99 1691 224 1736 dicem
254 1698 291 1729 et
309 1702 393 1728 eam
411 1697 499 1728 ante
516 1690 643 1728 oculos
656 1698 795 1728 vestros
807 1690 1014 1742 proponite.
1044 1690 1206 1742 Ecquod

102 1744 218 1793 hujus
235 1743 377 1782 factum
396 1750 463 1782 aut
487 1743 747 1791 commissum,
767 1755 842 1781 non
861 1744 984 1782 dicam
1011 1743 1204 1791 audacius,

102 1797 168 1834 sed
186 1796 287 1848 quod
303 1797 481 1847 cuiquam
499 1796 614 1846 paulo
632 1796 759 1835 minus
777 1797 1051 1834 consideratum
1064 1797 1207 1835 videre-

104 1850 196 1887 tur?
236 1849 396 1887 Factum
426 1849 583 1900 quaero?
614 1851 770 1888 verbum
795 1850 939 1900 ecquod
964 1862 1135 1900 unquam
1159 1863 1206 1888 ex

103 1915 167 1941 ore
183 1903 300 1951 hujus
318 1902 469 1949 excidit,
485 1902 586 1940 unde
598 1903 798 1953 quisquam
818 1911 943 1953 posset
960 1903 1099 1940 offendi
1113 1905 1130 1940 Ρ
1149 1908 1208 1940 At

104 1968 205 2003 vero,
236 1956 275 1993 in
301 1955 368 1992 illa
387 1955 491 2005 gravi
510 1955 557 1992 L.
579 1956 695 1993 Sullae
714 1955 867 1994 victori&
896 1956 1205 2006 turbulentaque,

104 2009 191 2060 quis
222 2009 267 2047 P.
294 2007 402 2047 Sulla
428 2007 580 2047 mitior.
571 2010 589 2037 ²
618 2009 703 2060 quis
732 2009 1003 2047 misericordior
1031 2008 1207 2046 inventus

105 2064 193 2100 est?
221 2074 337 2112 quam
357 2061 566 2100 multorum
584 2061 646 2100 hic
657 2062 774 2100 vitam
789 2069 844 2100 est
857 2075 880 2100 a
892 2062 938 2099 L.
954 2061 1063 2101 Sulla
1076 2061 1207 2112 depre-

107 2121 238 2153 catus.
229 2115 238 2141 ⁹
270 2127 386 2166 quam
404 2114 518 2152 multi
537 2122 624 2152 sunt
642 2115 784 2153 summi
801 2115 974 2153 homines
994 2122 1030 2153 et
1051 2113 1208 2152 ornatis-

106 2167 209 2215 nimi,
229 2175 266 2206 et
283 2167 399 2205 nostri
417 2174 454 2205 et
466 2167 646 2217 equestris
659 2168 814 2214 ordinis,
831 2180 993 2218 quorum
1007 2179 1075 2217 pro
1089 2166 1210 2204 salute
