1435 2328
226 90 278 127 52
508 93 621 132 PRO
651 93 848 132 SULLA.
879 93 983 130 CM».
1015 95 1051 129 8.

223 201 324 238 salus
353 200 443 239 huic
469 201 556 238 urbi
582 201 818 252 imperioque
839 199 957 238 missa
979 206 1045 238 est.
1075 199 1150 238 Sed
1175 199 1267 238 scire
1286 212 1333 238 ex

223 261 260 292 te
278 255 474 305 pervelim,
496 256 757 306 quamobrem,
778 255 845 305 qui
864 267 911 292 ex
929 253 1147 304 municipiis
1165 253 1332 299 veniant,

222 308 411 358 peregrini
434 309 503 346 tibi
526 322 603 346 esse
628 308 854 352 videantur3
886 320 997 345 nemo
1016 308 1118 345 enim
1143 307 1240 345 istuc
1268 307 1331 344 M.

222 361 280 398 illi
300 361 436 399 Catoni
461 362 554 408 seni,
575 375 663 400 cum
682 362 868 412 plurimos
886 361 1041 399 haberet
1058 360 1246 408 inimicos,
1265 362 1348 398 ne-'

222 426 287 452 mo
306 415 356 452 T.
374 415 625 462 Coruncanio,
645 428 757 453 nemo
777 415 907 463 Curio,
921 427 1034 452 nemo
1048 414 1138 452 huic
1155 413 1228 466 ipsi
1246 417 1345 451 nos-‘

223 475 280 505 tro
311 468 355 506 C.
377 468 520 513 Mario,
546 482 633 506 cum
657 469 691 506 ei
713 469 827 506 multi
853 467 1077 516 inviderent,
1104 468 1242 517 objecit
1259 479 1332 504 un-

221 534 352 572 quam.
382 522 576 573 Equidem
596 523 835 560 vehementer
852 523 972 568 laetor,
993 534 1082 560 eum
1102 534 1181 559 esse
1198 534 1276 568 me,
1291 520 1344 557 in'

222 588 339 626 quem
358 582 415 621 tu,
437 589 524 613 cum
552 589 719 627 cuperes,
741 576 889 613 nullam
916 575 1186 613 contumeliam
1208 575 1334 624 jacere

221 629 401 679 potueris,
423 643 509 680 quae
528 642 606 667 non
625 629 673 666 ad
691 629 902 667 maximam
919 635 1068 680 partem
1086 629 1227 666 civium
1246 640 1335 666 con-

222 682 376 720 veniret.

275 736 398 775 VIII.
429 736 503 775 Sed
523 744 650 774 tamen
666 743 701 774 te
720 749 742 773 a
760 749 836 783 me,
852 749 921 787 pro
939 736 1090 787 magnis
1109 736 1229 773 causis
1248 748 1334 773 nos-

220 796 288 827 trae
307 790 604 837 necessitudinis,
620 790 855 827 monendum
869 803 946 828 esse
957 790 1072 827 etiam
1087 796 1202 840 atque
1220 790 1334 827 etiam

220 850 326 892 puto.
356 844 449 881 Non
482 851 640 894 possunt
668 856 799 881 omnes
829 856 907 881 esse
937 843 1106 894 patricii:
1138 843 1168 880 si
1201 855 1333 880 verum

221 896 373 946 quaeris,
390 909 436 934 ne
452 904 585 934 curant
604 897 760 948 quidem
775 911 786 941 ς
817 910 885 934 nec
905 910 943 935 se
957 897 1120 948 aequales
1134 896 1204 944 tui,
1220 909 1334 947 prop-

221 957 277 987 ter
295 950 408 987 istam
427 963 595 997 causam,
623 952 689 988 abs
709 958 745 988 te
768 950 902 988 anteiri
926 957 1074 1002 putant.
1103 950 1179 998 Ac,
1207 951 1238 987 si
1264 950 1334 988 tibi

219 1015 287 1041 nos
305 1004 494 1055 peregrini
513 1004 700 1050 videmur,
722 1017 886 1055 quorum
901 1005 984 1053 jam
997 1012 1034 1041 et
1052 1016 1190 1041 nomen
1210 1011 1248 1041 et
1264 1004 1333 1041 ho-

218 1068 287 1094 nos
317 1057 540 1096 inveteravit
565 1065 602 1095 et
626 1058 716 1095 huic
747 1058 833 1095 urbi
857 1064 894 1095 et
924 1057 1126 1095 hominum
1149 1056 1262 1095 famae
1289 1070 1333 1095 ac

219 1111 482 1156 sermonibus;
513 1124 630 1162 quam
649 1111 719 1149 tibi
740 1111 824 1148 illos
843 1111 1104 1161 competitores
1123 1118 1207 1148 tuos
1225 1123 1332 1162 pere-

218 1164 346 1213 grinos
365 1165 483 1202 videri
501 1177 647 1203 necesse
667 1165 748 1210 erit,
770 1164 838 1215 qui
853 1165 949 1213 jam,
971 1177 1018 1201 ex
1037 1164 1114 1202 tota
1135 1165 1248 1202 Italia
1267 1164 1333 1201 de-

217 1217 318 1263 lecti,
346 1225 473 1256 tecum
492 1218 539 1255 de
561 1218 703 1255 honore
722 1226 759 1256 et
781 1218 827 1254 de
846 1218 952 1254 omni
976 1218 1160 1268 dignitate
1178 1225 1332 1255 conten-

217 1270 340 1308 dunt!
373 1284 538 1323 quorum
564 1284 652 1309 cave
671 1279 713 1309 tu
739 1284 975 1322 quemquam
993 1271 1237 1322 peregrinum
1262 1285 1331 1322 ap-

217 1324 348 1374 pelles,
381 1338 428 1362 ne
452 1325 739 1375 peregrinorum
764 1324 953 1375 suffragiis
978 1326 1147 1362 obruare.
1178 1324 1273 1372 Qui,
1300 1325 1331 1362 si

219 1378 415 1415 attulerint
433 1391 566 1416 nervos
581 1385 617 1415 et
635 1378 874 1425 industriam,
890 1378 988 1415 mihi
1002 1379 1123 1426 crede,
1140 1378 1331 1416 excutient

218 1431 288 1468 tibi
302 1431 414 1469 istam
433 1433 635 1469 verborum
651 1431 907 1480 jactationem,
922 1439 959 1469 et
973 1439 1009 1469 te
1028 1444 1076 1469 ex
1088 1444 1220 1469 somno
1233 1445 1331 1482 saepe

218 1484 466 1531 excitabunt3
508 1498 576 1523 nec
605 1485 811 1536 patientur,
842 1498 882 1523 se
910 1486 978 1522 abs
1006 1491 1057 1533 te,
1091 1485 1164 1523 nisi
1192 1485 1332 1523 virtute

218 1537 429 1585 vincentur,
462 1538 603 1576 honore
630 1539 808 1589 superari.
838 1541 900 1576 Ac
930 1539 974 1586 si,
1004 1539 1164 1587 judices,
1189 1539 1330 1577 caeteris

217 1592 383 1641 patriciis
402 1605 464 1630 me
484 1600 520 1630 et
538 1605 603 1629 vos
615 1592 830 1643 peregrinos
843 1592 961 1630 videri
972 1599 1171 1642 oporteret,
1191 1606 1214 1629 a
1233 1592 1331 1630 Tor-

217 1652 333 1695 quato
364 1653 491 1683 tamen
521 1646 592 1683 hoc
615 1646 751 1683 vitium
775 1645 955 1683 sileretur.
984 1645 1058 1683 Est
1083 1646 1185 1683 enim
1211 1645 1291 1696 ipse
1309 1659 1332 1683 a

217 1706 388 1736 materno
408 1712 542 1749 genere
559 1698 814 1750 municipalis,
835 1699 1090 1737 honestissimi
1111 1712 1153 1736 ac
1174 1699 1330 1737 nobilis-

217 1751 304 1788 simi
323 1753 483 1802 generis,
500 1753 565 1790 sed
578 1760 705 1790 tamen
723 1752 922 1790 Asculani.
952 1753 1038 1790 Aut
1051 1752 1168 1803 igitur
1182 1752 1328 1799 doceat,

219 1804 392 1843 Picentes
411 1806 507 1843 solos
530 1819 606 1844 non
628 1819 705 1844 esse
726 1805 955 1856 peregrinos,
979 1814 1047 1843 aut
1071 1806 1236 1856 gaudeat
1260 1819 1330 1844 suo

217 1859 344 1908 generi
363 1872 426 1897 me
444 1873 576 1897 meum
595 1868 682 1897 ante
700 1872 777 1896 non
795 1872 946 1910 ponere.
977 1859 1108 1906 Quare
1125 1872 1249 1910 neque
1265 1872 1330 1897 me

216 1912 460 1962 peregrinum
475 1913 630 1964 posthac
649 1913 801 1959 dixeris,
815 1925 863 1950 ne
877 1912 1028 1962 gravius
1043 1913 1204 1951 refutere
1219 1926 1232 1958 ;
1262 1925 1330 1951 ne-

216 1978 291 2015 que
310 1978 452 2016 regem,
468 1979 516 2004 ne
531 1966 745 2004 derideare:
776 1966 848 2004 nisi
866 1967 961 2004 forte
971 1966 1120 2016 regium
1139 1966 1209 2004 tibi
1226 1966 1331 2004 vide-

217 2026 292 2064 tur,
313 2019 366 2056 ita
386 2020 522 2066 vivere,
556 2027 599 2057 ut
616 2032 693 2057 non
711 2019 825 2058 modo
843 2019 990 2057 homini
1018 2020 1176 2068 nemini,
1197 2020 1263 2057 sed
1281 2033 1330 2058 ne

216 2072 413 2122 cupiditati
445 2074 601 2124 quidem
630 2073 714 2120 ulli,
742 2073 904 2118 servias3
935 2079 1172 2111 contemnere
1199 2085 1330 2111 omnes

214 2125 389 2164 libidines
406 2140 417 2172 ;
448 2139 524 2164 non
543 2126 639 2175 auri,
660 2139 737 2164 non
757 2127 916 2177 argenti,
937 2139 1014 2164 non
1033 2133 1253 2165 caeterarum
1271 2139 1329 2164 re-

216 2191 302 2218 rum
322 2179 514 2230 indigere:
541 2181 579 2218 in
599 2188 730 2219 senatu
750 2180 887 2218 sentire
906 2180 1022 2218 libere
1038 2194 1049 2224 .·,
1069 2179 1203 2231 populi
1225 2179 1330 2218 utili-
