1455 2343
232 97 307 134 152
445 94 558 133 PRO
587 91 760 133 DOMO
789 93 910 132 sUA.
941 93 1046 134 CAP.
1066 95 1130 133 26.

219 201 371 252 injuriae
389 201 520 241 socius.
549 201 657 249 Quid
683 213 808 251 posses
823 202 862 253 ?]
892 201 1090 240 extrudere
1119 202 1168 240 ad
1192 202 1332 255 Cypri-

223 269 288 293 am
322 255 536 306 pecuniam.
584 255 720 293 Praeda
751 255 926 306 perierit:
967 255 1042 293 alia
1071 267 1150 294 non
1182 256 1328 296 deerit:

218 310 322 347 hunc
340 309 455 347 modo
472 308 757 347 amandandum
772 321 862 346 esse.
892 308 954 347 Sic
972 308 1034 346 M.
1055 308 1152 347 Cato
1169 309 1329 359 invisus,

216 363 327 414 quasi
344 376 411 414 per
429 362 670 409 beneficium,
692 362 865 412 Cyprum
883 363 1081 413 relegatur.
1109 363 1330 412 Ejiciuntur

215 416 308 466 duo,
346 430 440 468 quos
466 415 629 467 improbi
660 415 786 453 videre
813 428 889 453 non
918 424 1117 467 poterant3
1146 417 1241 455 alter
1262 431 1330 468 per

217 470 399 508 honorem
418 470 695 521 turpissimum,
716 470 809 507 alter
823 483 890 520 per
906 470 1213 508 honestissimam
1228 472 1328 510 cala-

214 524 399 562 mitatem.
439 527 586 575 Atque,
612 531 657 561 ut
684 523 820 570 sciatis,
841 536 916 561 non
947 523 1166 562 hominibus
1193 524 1326 572 istum,

214 578 280 615 sed.
309 577 523 623 virtutibus,
545 578 693 615 hostem
718 590 864 627 semper
890 577 1030 623 fuisse3
1063 590 1126 616 me
1152 579 1325 629 expulso..

216 630 361 669 Catone
387 631 602 678 amandato,
622 630 664 667 in
689 643 777 668 eum
807 630 935 680 ipsum
966 644 1004 669 se
1033 631 1228 680 convertit,
1249 646 1326 683 quo

212 693 379 732 auctore,
401 697 477 736 quo
496 684 681 733 adjutore,
702 684 742 721 in
757 683 1013 730 concionibus,
1034 698 1091 731 ea,
1112 698 1199 736 quae
1217 699 1325 735 gere-

214 740 294 786 bat,
325 739 468 785 omnia,
500 750 662 789 quaeque
694 744 870 787 gesserat,
902 750 942 776 se
969 738 1099 776 fecisse
1131 745 1168 776 et
1202 738 1325 777 facere

210 792 370 830 dicebat.
419 792 490 830 Cn.
531 791 776 842 Pompeium,
815 804 931 842 quem
974 791 1148 829 omnium
1181 792 1327 841 judicio

209 846 323 897 longe
346 845 559 897 principem
577 858 654 882 esse
673 844 832 883 civitatis
851 845 1016 892 videbat,
1045 845 1188 883 diutius
1206 845 1325 884 furori

213 911 282 937 suo
312 899 463 937 veniam
491 899 672 936 daturum
690 911 766 935 non
785 898 1048 937 arbitrabatur.
1079 899 1160 946 Qui
1179 912 1227 937 ex
1245 901 1328 948 ejus

209 953 393 1001 custodia,
413 966 480 1014 per
493 952 661 1013 insidias,
681 952 779 1002 regis
798 952 910 990 amici
924 953 1062 1000 filium,
1078 952 1225 990 hostem
1239 966 1327 1004 cap-

209 1005 346 1055 tivum,
368 1006 624 1057 surripuisset,
645 1013 682 1044 et
705 1006 749 1043 8ἳ1
766 1005 907 1054 injuria
925 1006 1051 1044 virum
1070 1006 1323 1044 fortissimum

207 1060 444 1106 lacessisset3
475 1060 638 1110 speravit
666 1059 801 1097 iisdem
820 1072 858 1097 se
876 1059 992 1110 copiis
1018 1073 1106 1098 cum
1131 1059 1198 1097 illo
1215 1073 1324 1111 posse

207 1114 420 1164 confligere,
441 1114 671 1164 quibuscum
690 1125 759 1163 ego
776 1112 996 1160 noluissem,
1016 1115 1203 1151 bonorum
1222 1115 1323 1165 peri-

208 1167 308 1214 culo,
339 1167 541 1211 dimicare3
573 1173 610 1204 et
636 1166 761 1217 primo
783 1166 952 1216 quidem,
977 1167 1214 1216 adjutoribus
1233 1180 1322 1205 con-

206 1220 377 1258 sulibus:
407 1227 536 1271 postea
553 1219 665 1270 fregit
688 1219 810 1257 foedus
831 1219 1043 1258 Gabinius:
1076 1220 1166 1258 Piso
1192 1227 1322 1258 tamen

208 1273 249 1310 in
267 1274 342 1312 fide
360 1273 511 1311 mansit.
542 1272 651 1319 Quas
680 1272 750 1310 iste
778 1280 863 1310 tum
897 1273 1029 1319 caedes,
1058 1286 1152 1324 quas
1174 1274 1322 1325 lapida-

206 1326 341 1373 tiones,
356 1339 450 1378 quas
469 1326 593 1376 fugas,
616 1326 767 1371 fecerit;
800 1338 917 1377 quam
935 1326 1045 1364 facile
1064 1327 1175 1374 ferro,
1196 1328 1323 1378 quoti-

207 1379 406 1440 dianisque
432 1379 592 1427 insidiis,
614 1392 701 1417 cum
717 1381 800 1429 jam
823 1393 846 1417 a
863 1379 1087 1417 fimiissimo
1107 1382 1240 1418 robore
1259 1394 1321 1420 co-

204 1433 355 1484 piarum
385 1446 540 1471 suarum
569 1408 720 1471 r'elictus
753 1440 860 1481 esset,
892 1433 963 1471 Cn.
985 1434 1052 1471 Po
1045 1434 1216 1484 -npeium
1235 1434 1318 1473 foro

205 1487 385 1538 curiaque
403 1487 574 1538 privarit,
591 1486 827 1537 domumque
841 1487 1053 1536 conjecerit,
1070 1488 1224 1526 vidistis.
1253 1488 1319 1526 Ex

207 1553 284 1591 quo
300 1541 470 1591 judicare
497 1540 666 1591 potestis,
688 1549 832 1591 quanta
850 1540 906 1578 vis
923 1540 991 1578 ina
1008 1541 1124 1579 fuerit
1141 1541 1265 1580 oriens
1285 1550 1322 1580 et

204 1601 442 1645 congregata,
472 1606 561 1632 cum
578 1594 659 1632 haec
679 1594 750 1632 Cn.
771 1593 1003 1645 Pompeium
1029 1595 1218 1644 terruerit,
1234 1596 1318 1645 jam

203 1647 379 1686 distracta
398 1655 434 1686 et
452 1648 647 1686 exstincta.

259 1701 420 1740 XXVI.
450 1701 538 1740 Hoc
561 1701 670 1749 vidit,
690 1701 730 1739 in
750 1699 933 1739 sententia
959 1701 1119 1740 dicenda
1137 1701 1317 1741 Calendis

200 1755 412 1802 Januariis,
449 1755 506 1793 vir
534 1755 864 1806 prudentissimus,
897 1761 934 1793 et
965 1768 1055 1793 cum
1082 1755 1314 1807 reipublicae,

200 1816 285 1846 mm
303 1809 413 1857 mihi,
435 1816 519 1846 tum
538 1809 652 1847 etiam
665 1809 826 1857 veritati,
839 1808 1103 1857 amicissimus,
1123 1809 1172 1846 L.
1187 1809 1313 1858 Cotta,

201 1862 269 1913 qui
286 1863 412 1913 legem
431 1861 479 1900 de
496 1875 582 1900 11180
600 1861 722 1900 reditu
737 1862 931 1900 ferendam
950 1875 1027 1901 non
1046 1863 1216 1909 censuit3
1246 1863 1315 1914 qui

200 1928 264 1953 me
303 1919 332 1938 “
363 1916 593 1955 consuluisse
625 1916 854 1966 reipublicae,
892 1916 1043 1955 cessisse
1081 1916 1312 1967 tempestati,

199 1969 417 2008 amiciorem
447 1970 553 2007 vobis
577 1970 795 2020 caeterisque
820 1970 978 2018 civibus,
1005 1983 1123 2022 quam
1146 1969 1244 2008 mihi
1268 1983 1313 2008 ac

198 2023 305 2071 meis,
327 2023 538 2069 exstitisse3
568 2023 619 2070 vi,
640 2023 768 2070 armis,
789 2023 1017 2062 dissensione
1040 2023 1243 2061 hominum
1262 2023 1312 2061 ad

194 2077 337 2115 caedem
354 2076 541 2122 instituta,
568 2089 742 2127 novoque
767 2076 980 2122 dominatu,
1000 2077 1157 2128 pulsum
1182 2077 1306 2124 esse,'‘

194 2129 292 2168 dixit
307 2145 319 2168 z
350 2132 378 2152 ‘¹‘
399 2130 494 2168 nihil
525 2130 572 2168 de
604 2143 689 2168 meo
721 2130 842 2181 capite
872 2131 1036 2181 potuisse
1061 2130 1174 2168 ferri:
1210 2130 1308 2170 nihil

191 2196 270 2223 esse
297 2184 539 2236 inscriptum,
574 2190 640 2222 aut
676 2197 783 2235 posse
817 2184 963 2223 valere:
994 2184 1136 2233 omnia,
1175 2190 1305 2224 contra
