1425 2334
404 94 516 133 PRO
544 91 739 131 SULLA.
770 90 874 126 Cn.
911 87 968 125 ll.
1184 87 1235 120 55

134 202 334 253 jurationis
350 208 508 245 accuset,
521 212 638 251 quam
653 196 768 235 videri
787 195 1067 243 conjuratorum
1086 194 1244 243 poenam'

139 263 375 306 mortemque
404 255 545 304 lugere.
586 251 701 298 Quod
734 261 820 288 cum
850 248 881 284 is
914 247 1087 284 tribunus
1115 245 1236 295 plebis

138 309 242 356 facit,
271 308 339 360 qui
367 320 466 345 unus
490 306 638 344 videtur
661 317 708 342 ex
737 303 811 340 illis
829 301 876 338 ad
895 299 1078 349 lugendos
1107 300 1235 345 conju-

137 370 236 401 ratos
267 362 432 407 relictus,
463 372 539 398 non
575 358 717 396 mirum
749 364 828 394 est:
859 354 1009 391 difficile
1045 359 1098 389 est
1135 351 1236 388 enirn

137 422 272 462 tacere,
292 427 379 453 cum
398 413 546 451 doleas:
576 419 626 458 te,
647 411 678 448 si
697 409 790 461 quid
809 406 994 456 ejusmodi
1011 405 1139 449 facias,
1160 415 1235 440 non

137 469 250 506 modo
277 468 391 506 talem
414 466 700 511 adolescentem,
727 462 793 500 sed
819 462 858 498 in
886 460 930 498 ea
948 458 1073 505 causa,
1094 457 1132 494 in
1160 457 1237 507 qua

139 530 176 560 te
194 521 381 559 vindicem
399 518 665 568 conjurationis
690 516 780 554 velis
799 527 889 558 esse,
913 512 1152 550 vehementer
1171 509 1237 546 ad-

139 575 267 613 miror.
296 573 372 612 Sed
400 571 631 624 reprehendo
655 577 781 607 tamen
800 567 897 605 illud
917 565 1098 610 maxime,
1120 562 1236 613 quod,

137 629 210 667 isto
238 627 389 678 ingenio
417 634 453 664 et
479 624 680 676 prudentia
708 621 900 673 praeditus,
931 630 1083 657 causam
1112 616 1237 666 reipu-

135 682 244 721 blicae
272 693 349 719 non
380 687 496 726 tenes,
524 677 590 729 qui
619 677 809 721 arbitrere,
840 673 942 724 plebi
972 672 1157 708 Romanae
1179 681 1237 706 res

136 748 197 773 eas
215 747 291 772 non
317 733 480 785 probari,
501 744 608 782 quas,
635 743 698 767 me
722 728 887 774 consule,
913 737 1043 763 omnes
1062 723 1152 761 boni
1169 734 1237 773 pro

133 789 254 827 salute
272 786 466 826 communi
483 790 687 836 gesserunt.

191 841 268 879 XI.
296 841 351 878 Et
373 852 487 890 quem
513 846 554 875 tu
579 837 731 882 horum,
761 834 828 884 qui
853 832 1004 877 adsunt,
1034 830 1173 881 quibus
1202 836 1239 866 te

140 902 270 933 contra
287 894 455 944 ipsorum
474 892 706 929 voluntatem
730 887 961 931 venditabas,
981 892 1048 921 aut
1065 892 1143 920 tam
1163 895 1240 920 sce--

139 949 301 986 leratum
321 945 451 984 statuis
469 944 596 989 fuisse,
616 951 660 980 ut
683 942 764 979 haec
782 940 910 978 omnia
927 937 1046 989 perire
1065 936 1237 978 voluerit,

140 1009 208 1039 aut
228 1008 308 1038 tam
334 999 530 1045 miserum,
560 1004 603 1034 ut
632 1003 670 1033 et
694 1007 732 1032 se
757 994 877 1044 perire
898 997 1062 1042 cuperet,
1083 996 1119 1026 et
1143 988 1239 1026 nihil

140 1055 306 1099 haberet,
330 1051 432 1103 quod
454 1051 598 1089 salvum
623 1061 702 1086 esse
724 1046 860 1084 vellet?
889 1049 955 1082 An
975 1056 1062 1081 vero
1081 1041 1238 1080 clarissi-

141 1119 250 1145 mum
275 1106 399 1144 virum
423 1103 568 1154 generis
594 1101 705 1140 vestri
729 1113 771 1138 ac
792 1099 955 1137 nominis
980 1109 1091 1134 nemo
1116 1108 1239 1146 repre-

140 1160 285 1206 hendit,
311 1159 379 1210 qui
403 1157 526 1195 filium
545 1168 658 1194 suum
683 1154 761 1192 vita
778 1151 952 1203 privavit,
980 1158 1023 1187 ut
1041 1149 1080 1186 in
1099 1148 1240 1186 caeteris

140 1214 307 1252 firmaret
337 1210 568 1262 imperium3
598 1216 640 1246 tu
676 1205 950 1257 rempublicam
985 1201 1238 1253 reprehendis,

139 1280 226 1318 quae
244 1265 464 1304 domesticos
480 1263 621 1309 hostes,
646 1273 693 1299 ne
717 1261 765 1298 ab
784 1259 829 1296 iis
847 1258 930 1308 ipsa
947 1263 1153 1302 necaretur,
1174 1267 1239 1291 ne-

134 1319 263 1358 cavit?

191 1371 508 1425 Itaquewattende
532 1371 629 1420 jam,
656 1369 863 1419 Torquate,
888 1377 1004 1416 quam
1030 1376 1098 1414 ego
1130 1362 1238 1400 defu-

138 1426 241 1479 giam
259 1426 518 1464 auctoritatem
536 1423 749 1462 consulates
767 1420 854 1459 mei.
883 1418 1062 1456 Maxima
1080 1429 1182 1464 voce,
1195 1423 1239 1453 ut

139 1492 270 1519 omnes
298 1479 474 1518 exaudire
503 1477 661 1528 possint,
699 1475 795 1521 dico,
830 1484 1050 1523 semperque
1086 1470 1207 1508 dicam
1226 1484 1237 1506 :

139 1533 303 1572 adestote
319 1545 451 1570 omnes
478 1530 628 1577 animis,
649 1528 715 1581 qui
733 1527 869 1566 adestis
896 1524 1125 1576 corporibus,
1145 1536 1240 1574 quo-

139 1599 227 1625 rum
241 1599 310 1637 ego
327 1582 536 1637 frequentia
547 1595 775 1634 magnopere
786 1581 891 1618 laetor
908 1593 918 1617 ε
949 1578 1077 1628 erigite
1094 1584 1239 1614 mentes

139 1653 324 1691 auresque
341 1646 506 1682 vestras3
535 1644 573 1674 et
589 1649 666 1681 me,
686 1636 733 1673 de
753 1633 945 1672 invidiosis
967 1633 1078 1669 rebus
1097 1634 1158 1672 (ut
1174 1630 1239 1667 ille

140 1700 265 1744 putat)
293 1692 495 1740 dicentem,
518 1689 709 1728 attendite.
738 1688 824 1738 Ego
849 1685 993 1731 consul,
1021 1697 1107 1722 cum
1134 1696 1240 1721 exer-

138 1746 235 1784 citus
253 1746 483 1797 perditorum
513 1743 667 1789 civium,
687 1739 916 1780 clandestino
943 1738 1078 1776 scelere
1102 1736 1241 1774 confla·

140 1806 215 1845 tue,
240 1798 540 1836 crudelissimum
570 1803 606 1834 et
633 1794 954 1833 luctuosissimum
983 1790 1143 1828 exitium
1171 1802 1240 1840 pa-

140 1852 221 1890 triae
252 1851 529 1903 comparassem
565 1862 652 1887 cum
684 1848 732 1885 ad
762 1858 936 1885 occasum
967 1843 1239 1892 interitumque

140 1904 353 1956 reipublicae
381 1904 546 1942 Catilina
566 1903 606 1940 in
625 1901 766 1947 castris,
792 1900 831 1937 in
857 1899 916 1936 his
940 1904 1069 1935 autem
1087 1895 1240 1945 templis

139 1964 253 2009 atque
281 1957 386 1995 tectis
410 1957 489 1994 dux
521 1955 709 1994 Lentulus
738 1960 833 1991 esset
864 1950 1114 1994 constitutu53
1144 1948 1238 1985 meis

141 2010 316 2058 consiliis,
346 2010 440 2048 meis
462 2009 667 2055 laboribus,
691 2007 768 2044 mei
792 2005 924 2057 capitis
950 2003 1138 2054 periculis,
1159 2001 1239 2038 sine

141 2064 325 2111 tumultu,
359 2063 438 2101 sine
472 2063 632 2109 delectu,
670 2061 750 2098 sine
784 2058 912 2106 armis,
943 2057 1022 2094 sine
1058 2053 1237 2098 exercitu,

141 2117 311 2169 quinque
338 2116 556 2154 hominibus
587 2112 862 2165 comprehensis
898 2118 1011 2161 atque
1047 2106 1237 2151 confossis,

140 2169 351 2209 incensione
372 2170 533 2217 Urbem,
561 2165 810 2206 internecione
832 2164 944 2210 cives,
970 2161 1140 2200 vastitate
1160 2159 1240 2196 Ita-
