1455 2343
165 95 239 139 178
366 96 479 141 PRO
509 95 679 135 DOMO
709 95 830 134 SUA.
862 95 964 134 CAP.
995 96 1059 133 53.

159 201 290 240 neatis.
320 202 375 241 Es
393 210 435 241 tu
456 203 624 255 quidem,
648 216 737 241 cum
761 202 933 248 audacia,
953 209 1038 240 tum
1066 199 1268 252 impuden-

161 253 214 295 tia
241 255 450 306 singulari.
481 257 545 295 sed
573 257 643 295 tibi
672 263 800 295 tamen
835 256 949 303 oculi,
982 255 1124 304 vultus,
1154 255 1268 293 verba

161 309 391 358 cecidissent,
411 323 500 349 cum
518 320 555 349 te
584 310 667 359 viri,
688 310 755 362 qui
775 309 844 348 sua
867 309 1050 371 dignitate
1066 320 1266 359 personam

161 363 295 414 populi
303 364 471 402 Romani
477 372 591 416 atque
599 364 858 403 auctoritatem
867 363 1016 414 imperii
1027 362 1267 407 sustinerent,

161 417 284 455 verbis
301 418 531 508 gravissimis
548 418 859 470 Ροηο11111550111ς
883 429 1006 468 neque
1025 416 1097 454 sibi
1114 415 1171 453 fas
1190 427 1269 453 esse

161 469 399 520 dixissengf
396 472 496 510 urori
514 472 689 512 interesse
706 479 787 521 tuo,
807 478 922 523 atque
939 471 980 508 in
997 469 1130 522 patriae
1147 468 1268 520 parri-

162 524 260 562 cidio
279 532 315 563 et
333 527 481 565 scelere.

216 579 317 626 Quae
335 592 425 617 cum
453 580 611 628 videres,
632 587 716 618 tum
739 585 777 617 te
802 579 851 617 ad
869 585 982 617 tuum
1003 548 1170 625 affinem,
1191 587 1268 613 non

162 633 352 671 delectum
380 647 403 671 a
434 641 484 680 te,
516 634 582 672 sed
610 634 782 671 relictum
814 646 838 670 a
872 632 1027 679 caeteris,
1065 629 1269 669 contulisti.

164 687 295 734 Quem
321 699 390 737 ego
412 694 540 725 tamen
560 687 670 726 credo
694 687 742 730 (51
768 693 824 723 est
847 692 950 723 ortus
973 686 1021 722 ab
1043 684 1132 732 11115,
1159 696 1267 734 quos,

162 740 356 778 memoriae
373 741 567 791 proditum
586 747 654 787 est,
685 739 760 777 ab
750 752 834 800 ipso
857 738 1039 798 Hercule,
1069 737 1269 797 perfuncto

157 794 241 843 jam
259 793 465 841 laboribus,
491 807 594 832 sacra
611 793 829 840 didicisse)
819 805 859 830 m
877 791 949 830 viri
967 790 1073 829 fortis
1091 789 1271 830 aerurnnis

161 860 238 886 non
256 847 310 885 ita
329 848 518 886 crudelem
546 847 675 895 fuisse,
695 854 739 885 ut
762 846 804 883 in
831 845 909 884 vivi
934 851 970 884 et
991 846 1074 894 jam
1092 843 1271 904 spirantis

162 908 277 953 caput
294 903 452 939 bustum
467 902 543 940 suis
554 901 731 939 manibus
745 900 979 951 imponeret·
1010 898 1078 950 qui
1089 905 1156 936 aut

161 955 259 993 dixit
284 962 351 993 aut
379 955 466 994 fecit
502 955 671 1002 omnino,
704 966 933 1006 poenamque
963 952 1062 990 hanc
1090 958 1271 989 maternae

161 1008 381 1048 temeritatis
407 1010 510 1057 tulit,
530 1016 575 1047 ut
592 1015 742 1046 mutam
759 1008 800 1044 in
825 1007 961 1045 delicto
979 1017 1178 1057 personam
1202 1016 1272 1042 no-

162 1076 328 1114 menque
345 1064 555 1114 praeberet3
586 1070 667 1109 aut,
687 1061 718 1100 si
737 1061 835 1098 dixit
852 1059 998 1111 aliquid
1015 1059 1139 1097 verbis
1156 1057 1268 1096 haesi-

162 1117 346 1164 tantibus,
366 1124 588 1168 postemque
606 1114 857 1154 tremebunda
879 1127 998 1152 manu
1017 1112 1154 1163 tetigit,
1174 1118 1272 1150 certe

164 1170 261 1208 nihil
279 1170 362 1217 rite,
391 1170 487 1207 nihil
513 1177 625 1216 caste,
644 1169 741 1206 nihil
766 1181 871 1206 more
895 1167 1155 1217 institutoque,
1186 1178 1272 1216 per-

164 1223 263 1262 fecit.
293 1223 452 1262 Viderat
477 1224 543 1262 ille
569 1223 792 1270 Murenam,
821 1221 997 1259 vitricum
1027 1232 1154 1264 suum,
1181 1231 1270 1257 con-

165 1278 288 1316 sulem
306 1277 568 1337 designatum,
581 1276 630 1314 ad
647 1289 710 1313 me
729 1275 921 1314 consulem
940 1286 1029 1312 cum
1047 1272 1269 1322 Allobrogi-

164 1332 237 1369 bus
266 1330 478 1369 communis
510 1330 616 1368 exitii
651 1329 790 1367 indicia
822 1327 977 1366 afferre:
1014 1324 1185 1364 audierat
1220 1338 1269 1363 ex

162 1385 245 1430 illo,
261 1398 299 1422 se
318 1397 341 1422 a
357 1396 420 1421 me
444 1383 503 1422 bis
522 1384 683 1422 salutem
701 1382 897 1433 accepisse,
917 1380 1118 1432 separatim
1138 1379 1269 1427 semel,

165 1438 305 1476 iterum
324 1450 412 1475 cum
430 1437 626 1475 universis.

220 1492 352 1539 Quare
371 1490 456 1542 quis
486 1498 555 1537 est,
575 1490 644 1542 qui
667 1489 882 1528 existimare
900 1488 1030 1540 possit,
1063 1487 1153 1526 huic
1171 1499 1271 1525 novo

165 1545 348 1597 pontifici,
367 1544 533 1595 primam
550 1545 648 1583 hanc
659 1550 744 1595 post
761 1542 1009 1581 sacerdotium
1027 1541 1168 1579 initum
1186 1540 1274 1578 reli-

164 1600 317 1651 gionem
335 1598 560 1646 instituenti,
592 1610 798 1649 vocemque
822 1595 1005 1642 mittenti,
1035 1606 1112 1632 non
1142 1601 1179 1632 et
1195 1594 1271 1631 lin-

167 1665 285 1704 guam
304 1652 551 1700 obmutuisse,
567 1659 604 1689 et
614 1664 773 1689 manum
785 1649 1033 1710 obtorpuisse,
1049 1656 1087 1686 et
1103 1654 1272 1686 mentem

167 1707 402 1745 debilitatam
438 1713 545 1744 metu
580 1705 816 1744 concidisse?
844 1703 1052 1754 praesertim
1084 1714 1188 1748 cum,
1225 1714 1273 1740 ex

168 1760 325 1810 collegio
343 1766 462 1806 tanto,
483 1772 559 1797 non
577 1772 718 1810 regem,
734 1770 811 1796 non
829 1757 1038 1803 flaminem,
1054 1767 1130 1793 non
1147 1755 1274 1806 ponti-

170 1814 295 1860 ficem,
321 1813 487 1858 videret3
517 1813 673 1864 fierique
698 1811 883 1863 particeps
905 1810 1019 1848 alieni
1044 1808 1226 1847 50010115
1215 1821 1275 1845 ln-

167 1867 269 1906 vitus
287 1874 493 1928 cogeretur,
513 1874 550 1904 et
576 1866 812 1917 gravissimas
835 1876 964 1915 peenas
983 1862 1174 1902 affinitatis
1201 1862 1276 1900 im-

167 1921 381 1972 purissimae
399 1920 609 1958 sustineret.

224 1974 344 2012 LIII.
374 1974 463 2020 Sed,
483 1981 527 2011 ut
544 1981 706 2011 revertar
717 1973 795 2010 3(1
781 1984 845 2021 ]115
863 1971 1061 2022 publicum
1079 1969 1273 2008 vindican-

168 2029 276 2088 dum,
298 2027 428 2078 quod
418 2027 490 2077 ipsi
508 2027 702 2077 pontifices
714 2039 873 2076 semper,
890 2037 966 2062 non
978 2025 1102 2062 solum
1121 2023 1170 2060 ad
1188 2036 1274 2061 suas

168 2081 414 2128 caerimonias,
435 2080 499 2119 sed
517 2080 630 2117 etiam
649 2080 697 2117 ad
715 2079 848 2130 populi
873 2080 993 2138 jussa,
1013 2076 1275 2115 accommoda-

167 2142 325 2174 verunt:
354 2134 527 2173 habetis'
517 2146 557 2172 m
569 2132 847 2172 commentariis
865 2132 1010 2180 vestris,
1030 2130 1075 2169 C.
1097 2129 1273 2171 Cassium
