1425 2334
239 72 317 112 DE
347 72 588 133 HARUSP.
618 72 883 112 RESPONS.
913 72 1018 111 CAP.
1042 73 1102 117 17.
1142 72 1220 111 203

114 192 237 220 amuS.
285 181 313 202 “
346 178 525 219 Oratores
553 187 683 218 contra
711 181 775 229 jus
807 179 938 230 fasque
967 179 1222 217 interfectos-’⁹

114 233 222 281 Quid
236 240 290 271 est
307 232 378 271 hoc
388 235 406 271 ἓ
425 233 472 270 de
483 233 756 271 Alexandrinis
771 245 847 270 esse
859 233 967 270 video
982 245 1193 271 sermonem
1208 247 1218 270 ε

112 299 228 338 quem
247 299 316 336 ego
328 297 403 324 non
418 285 553 324 refuto.
582 287 645 325 Sic
656 286 757 324 enim
775 286 908 333 sentio,
919 287 983 335 jus
993 287 1219 336 legatorum,

113 352 200 378 cum
220 339 420 378 hominum
438 339 611 390 praesidio
629 339 823 377 munitum
843 340 904 386 sit,
925 347 1009 376 tum
1029 340 1142 377 etiam
1161 339 1220 376 di-

111 393 200 431 vino
215 394 301 442 jure
319 405 397 430 esse
414 393 610 431 vallatum.
649 392 723 431 Sed
741 405 869 443 quaero
888 394 936 430 ab
955 393 1034 439 ino,
1056 392 1123 443 qui
1136 405 1220 430 om-

110 458 178 485 nes
195 446 336 484 indices
355 446 530 484 tribunus
548 459 569 484 e
587 459 729 484 carcere
746 446 787 483 in
805 445 931 483 forum
944 445 1091 492 effudit,
1111 447 1220 495 cujus

108 499 264 537 arbitrio
286 499 370 537 sicae
394 511 525 537 omnes
549 511 651 538 nunc
676 507 790 550 atque
811 499 939 536 omnia
962 511 1104 537 venena
1123 506 1220 537 trac-

108 560 250 600 tantur,
277 552 345 604 qui
372 565 460 591 cum
480 553 699 591 Hermacho
723 553 819 591 Chio
845 553 1077 603 syngraphas
1102 552 1217 597 fecit3

108 606 245 658 ecquid
263 606 368 653 sciat,
390 618 513 643 unum
531 607 757 644 acerrimum
776 606 905 643 advers
890 606 1031 643 arium
1051 605 1089 642 H
1096 618 1220 643 erma-

110 659 186 706 chi,
207 659 480 705 Theodosium,
507 659 677 710 legatum
696 659 744 696 ad
769 667 942 698 senatum
965 671 987 696 a
1005 659 1153 697 civitate
1171 659 1220 697 li-

108 713 200 751 bera
228 713 403 760 missum,
441 711 515 750 sica
545 725 763 763 percussum
778 715 795 750 Ρ
838 712 940 763 quod
969 724 1046 750 non
1075 712 1217 760 minus,

107 779 226 817 quam
245 766 292 804 de
309 765 596 815 Alexandrinis,
616 766 817 817 indignum
837 765 923 803 Diis
940 765 1220 805 immortalibus

109 832 188 858 esse
205 820 344 866 visum,
361 826 460 857 certo
478 820 566 857 scio.

165 873 204 910 N
208 886 248 910 ec
266 872 414 910 confero
436 885 538 910 nunc
555 872 595 910 in
615 883 651 910 te
670 884 793 910 unum
815 873 955 910 omnia.
984 873 1078 923 Spes
1096 874 1220 922 maior

108 934 202 965 esset
216 925 360 972 salutis,
374 926 418 973 si,
434 933 569 976 praeter
579 933 630 972 te,
643 938 754 964 nemo
767 933 859 964 esset
872 926 1070 976 impurus:
1091 926 1219 977 plures

108 987 208 1018 sunt.
238 979 325 1017 Hoc
343 986 380 1017 et
392 985 435 1016 tu
449 979 519 1017 tibi
537 978 693 1017 confidis
710 979 846 1029 magis,
867 986 904 1017 et
921 991 989 1017 nos
1007 992 1124 1030 prope
1132 981 1218 1028 jure

108 1033 329 1071 diffidimus.
368 1031 467 1079 Quis
496 1032 689 1070 Platorem
715 1045 762 1071 ex
786 1032 974 1079 Orestide,
1003 1036 1107 1083 (quae
1131 1046 1218 1084 pars

107 1085 345 1124 Macedoniae
362 1084 482 1123 libera
506 1093 576 1130 est)
599 1086 795 1124 hominem
813 1086 853 1123 in
871 1086 945 1123 illis
963 1086 1053 1123 locis
1071 1086 1218 1124 clarum

105 1152 150 1178 ac
167 1139 347 1186 nobilem,
374 1139 543 1189 legatum
562 1138 871 1177 Thessalonicam
891 1139 939 1176 ad
962 1146 1135 1177 nostrum
1155 1143 1218 1183 (ut

105 1205 144 1231 se
162 1192 242 1244 ipse
259 1192 480 1243 appellavit)
494 1192 759 1243 imperatorem
773 1193 916 1230 venisse
930 1192 1047 1230 nescit
1063 1194 1080 1230 Ρ
1100 1205 1216 1243 quem

104 1246 183 1294 ille,
209 1252 361 1296 propter
378 1245 593 1296 pecuniam,
620 1258 737 1296 quam
763 1247 811 1283 ab
836 1258 879 1284 eo
898 1252 1120 1296 extorquere
1138 1258 1214 1284 non

103 1306 263 1350 poterat,
295 1299 336 1336 in
359 1298 510 1337 vincula
534 1299 706 1348 conjecit,
734 1306 771 1336 et
797 1299 989 1337 medicum
1011 1299 1216 1337 intromisit

105 1366 236 1398 suum,
256 1352 324 1403 qui
345 1352 484 1402 legato,
505 1352 616 1398 socio,
637 1352 773 1398 amico,
798 1353 929 1399 libero,
957 1351 1158 1390 foedissime
1177 1360 1216 1390 et

104 1405 360 1444 crudelissime
378 1418 491 1443 venas
514 1405 704 1444 incideret.
744 1405 898 1444 Secures
923 1418 1009 1443 suas
1027 1406 1216 1444 cruentari

103 1460 239 1497 scelere
257 1459 402 1496 noluit:
432 1471 571 1501 nomen
589 1459 744 1510 quidem
768 1459 901 1509 populi
919 1458 1088 1497 Romani
1107 1466 1215 1497 tanto

102 1512 238 1550 scelere
256 1512 538 1559 contaminavit,
558 1519 603 1549 ut
615 1512 655 1549 id
673 1512 782 1550 nuna
798 1525 838 1550 re
855 1512 984 1562 possit,
1004 1511 1077 1549 nisi
1094 1512 1215 1563 ipsius

105 1565 301 1616 supplicio,
328 1565 483 1616 expiari.
512 1565 664 1612 Quales
689 1565 792 1603 hunc
817 1565 1006 1603 carnifices
1030 1572 1213 1615 putamus

102 1618 254 1667 habere,
273 1618 341 1669 qui
365 1618 477 1656 etiam
496 1618 652 1657 medicis
669 1618 766 1668 suis,
786 1630 864 1657 non
882 1618 932 1656 ad
950 1619 1126 1668 salutem,
1145 1619 1212 1657 sed

101 1671 152 1710 ad
169 1684 313 1720 necem,
332 1678 485 1710 utam.
475 1673 494 1700 ‘³

157 1724 299 1763 XVII.
328 1724 403 1763 Sed
420 1724 633 1773 recitemus,
646 1725 741 1778 quid
758 1732 949 1786 sequatur:
980 1727 1008 1747 ‘⁴
1021 1725 1158 1764 Fidem
1173 1732 1212 1763 et

98 1777 369 1828 jusjurandum
394 1778 650 1828 neglectum.”
686 1779 775 1817 Hoc
800 1779 894 1829 quid
916 1778 978 1827 sit,
998 1792 1067 1830 per
1091 1792 1130 1817 se
1150 1779 1211 1830 ip—

101 1843 188 1870 sum
208 1843 284 1869 non
301 1830 409 1869 facile
427 1830 672 1883 interpretor.
697 1831 762 1870 sed
773 1844 819 1870 ex
832 1845 888 1880 eo,
905 1832 1007 1883 quod
1025 1832 1209 1892 sequitur,

102 1884 268 1935 suspicor
285 1883 332 1922 de
349 1891 502 1922 tuorum
513 1884 687 1934 judicum
705 1885 905 1923 manifesto
923 1885 1089 1936 perjurio
1107 1885 1207 1923 dici·
1194 1912 1210 1929 ,

102 1938 242 1989 quibus
260 1936 352 1975 olim
372 1937 488 1988 erepti
507 1946 628 1976 essent
647 1939 812 1985 nummi,
832 1938 905 1976 nisi
923 1951 946 1976 a
964 1945 1094 1976 senatu
1113 1951 1209 1988 prae-
1271 1965 1275 1969 -

101 1991 241 2030 sidium
267 1989 530 2041 postulassent.
568 1991 700 2039 Quare
726 1999 855 2030 autem
884 1991 931 2029 de
958 1991 1018 2028 his
1043 1990 1118 2029 dici
1145 2004 1209 2028 su-

100 2044 231 2094 spicer,
251 2043 331 2082 haec
348 2056 460 2082 causa
477 2051 545 2092 est,
564 2045 667 2096 quod
686 2044 738 2083 sic
757 2052 894 2092 statu0,
911 2051 948 2082 et
965 2043 1062 2081 illud
1080 2044 1118 2081 in
1138 2043 1218 2082 hao

101 2097 248 2150 civitate
266 2109 344 2137 esse
354 2096 523 2139 maxime
532 2097 678 2137 illustre
683 2104 802 2150 >atque
815 2097 1209 2150 insignelpenjurium,
