<?xml version="1.0" encoding="UTF-8"?>
<!DOCTYPE html PUBLIC "-//W3C//DTD XHTML 1.0 Transitional//EN"
    "http://www.w3.org/TR/xhtml1/DTD/xhtml1-transitional.dtd">
<html xmlns="http://www.w3.org/1999/xhtml" xml:lang="en" lang="en">
 <head>
  <title>
</title>
<meta http-equiv="Content-Type" content="text/html;charset=utf-8" />
  <meta name='ocr-system' content='tesseract 3.04.00' />
  <meta name='ocr-capabilities' content='ocr_page ocr_carea ocr_par ocr_line ocrx_word'/>
</head>
<body>
  <div class='ocr_page' id='page_1' title='image "./operaern07ciceuoft_0178.png"; bbox 0 0 1455 2343; ppageno 0'>
   <div class='ocr_carea' id='block_1_1' title="bbox 169 73 1071 119">
    <p class='ocr_par' dir='ltr' id='par_1_1' title="bbox 169 73 1071 119">
     <span class='ocr_line' id='line_1_1' title="bbox 169 73 1071 119; baseline -0.004 -2"><span class='ocrx_word' id='word_1_1' title='bbox 169 79 244 117; x_wconf 80' lang='lat'>164</span> <span class='ocrx_word' id='word_1_2' title='bbox 384 76 498 116; x_wconf 88' lang='lat' dir='ltr'>PRO</span> <span class='ocrx_word' id='word_1_3' title='bbox 526 74 698 115; x_wconf 91' lang='lat' dir='ltr'><strong>DOMO</strong></span> <span class='ocrx_word' id='word_1_4' title='bbox 726 74 848 114; x_wconf 85' lang='lat' dir='ltr'><strong>SUA.</strong></span> <span class='ocrx_word' id='word_1_5' title='bbox 880 74 985 114; x_wconf 78' lang='lat' dir='ltr'>CAP.</span> <span class='ocrx_word' id='word_1_6' title='bbox 1005 73 1071 119; x_wconf 87' lang='grc'>37.</span> 
     </span>
    </p>
   </div>
   <div class='ocr_carea' id='block_1_2' title="bbox 164 181 1293 2208">
    <p class='ocr_par' dir='ltr' id='par_1_2' title="bbox 164 181 1282 438">
     <span class='ocr_line' id='line_1_2' title="bbox 166 181 1282 235; baseline -0.001 -11"><span class='ocrx_word' id='word_1_7' title='bbox 166 184 306 224; x_wconf 84' lang='lat' dir='ltr'><strong>blicam</strong></span> <span class='ocrx_word' id='word_1_8' title='bbox 326 183 538 235; x_wconf 87' lang='lat' dir='ltr'>profectum</span> <span class='ocrx_word' id='word_1_9' title='bbox 567 183 743 229; x_wconf 81' lang='lat' dir='ltr'>dicerem,</span> <span class='ocrx_word' id='word_1_10' title='bbox 771 183 802 221; x_wconf 86' lang='lat' dir='ltr'>si</span> <span class='ocrx_word' id='word_1_11' title='bbox 827 181 983 233; x_wconf 88' lang='lat' dir='ltr'>quidem</span> <span class='ocrx_word' id='word_1_12' title='bbox 1001 194 1046 221; x_wconf 83' lang='lat' dir='ltr'>ea</span> <span class='ocrx_word' id='word_1_13' title='bbox 1064 182 1282 234; x_wconf 85' lang='lat' dir='ltr'>reipublicae</span> 
     </span>
     <span class='ocr_line' id='line_1_3' title="bbox 164 235 1281 299; baseline -0.004 -22"><span class='ocrx_word' id='word_1_14' title='bbox 164 252 278 278; x_wconf 85' lang='lat' dir='ltr'>causa</span> <span class='ocrx_word' id='word_1_15' title='bbox 292 237 539 299; x_wconf 77' lang='lat' dir='ltr'>reliquissem,</span> <span class='ocrx_word' id='word_1_16' title='bbox 552 237 692 289; x_wconf 90' lang='lat' dir='ltr'>quibus</span> <span class='ocrx_word' id='word_1_17' title='bbox 705 249 814 288; x_wconf 86' lang='lat' dir='ltr'>aequo</span> <span class='ocrx_word' id='word_1_18' title='bbox 825 235 953 274; x_wconf 87' lang='lat' dir='ltr'>animo</span> <span class='ocrx_word' id='word_1_19' title='bbox 967 248 1154 274; x_wconf 84' lang='lat' dir='ltr'>carerem:</span> <span class='ocrx_word' id='word_1_20' title='bbox 1177 249 1281 276; x_wconf 85' lang='lat' dir='ltr'>eam.</span> 
     </span>
     <span class='ocr_line' id='line_1_4' title="bbox 166 289 1279 351; baseline -0.001 -21"><span class='ocrx_word' id='word_1_21' title='bbox 166 305 242 344; x_wconf 90' lang='lat' dir='ltr'>que</span> <span class='ocrx_word' id='word_1_22' title='bbox 264 292 383 330; x_wconf 89' lang='lat' dir='ltr'>animi</span> <span class='ocrx_word' id='word_1_23' title='bbox 407 291 588 329; x_wconf 83' lang='lat' dir='ltr'>duritiam</span> <span class='ocrx_word' id='word_1_24' title='bbox 611 291 724 334; x_wconf 90' lang='lat' dir='ltr'>(sicut</span> <span class='ocrx_word' id='word_1_25' title='bbox 749 289 926 341; x_wconf 85' lang='lat' dir='ltr'>corporis,</span> <span class='ocrx_word' id='word_1_26' title='bbox 947 289 1065 351; x_wconf 77' lang='lat' dir='ltr'>quod,</span> <span class='ocrx_word' id='word_1_27' title='bbox 1085 302 1176 328; x_wconf 91' lang='lat' dir='ltr'>cum</span> <span class='ocrx_word' id='word_1_28' title='bbox 1200 291 1279 329; x_wconf 90' lang='lat' dir='ltr'>uri-</span> 
     </span>
     <span class='ocr_line' id='line_1_5' title="bbox 166 343 1281 396; baseline -0.001 -12"><span class='ocrx_word' id='word_1_29' title='bbox 166 353 243 390; x_wconf 72' lang='lat' dir='ltr'>tur,</span> <span class='ocrx_word' id='word_1_30' title='bbox 263 358 341 384; x_wconf 89' lang='lat' dir='ltr'>non</span> <span class='ocrx_word' id='word_1_31' title='bbox 359 345 487 394; x_wconf 82' lang='lat' dir='ltr'>sentit)</span> <span class='ocrx_word' id='word_1_32' title='bbox 504 352 695 396; x_wconf 87' lang='lat' dir='ltr'>stuporem</span> <span class='ocrx_word' id='word_1_33' title='bbox 709 344 850 396; x_wconf 84' lang='lat' dir='ltr'>potius,</span> <span class='ocrx_word' id='word_1_34' title='bbox 863 356 982 395; x_wconf 89' lang='lat' dir='ltr'>quam</span> <span class='ocrx_word' id='word_1_35' title='bbox 994 343 1187 392; x_wconf 86' lang='lat' dir='ltr'>virtutem,</span> <span class='ocrx_word' id='word_1_36' title='bbox 1207 358 1281 396; x_wconf 91' lang='lat' dir='ltr'>pu-</span> 
     </span>
     <span class='ocr_line' id='line_1_6' title="bbox 167 407 301 438; baseline -0.008 0"><span class='ocrx_word' id='word_1_37' title='bbox 167 407 301 438; x_wconf 87' lang='lat' dir='ltr'>tarem.</span> 
     </span>
    </p>

    <p class='ocr_par' dir='ltr' id='par_1_3' title="bbox 167 450 1288 1414">
     <span class='ocr_line' id='line_1_7' title="bbox 221 450 1280 503; baseline 0 -12"><span class='ocrx_word' id='word_1_38' title='bbox 221 453 449 493; x_wconf 89' lang='lat' dir='ltr'>XXXVII.</span> <span class='ocrx_word' id='word_1_39' title='bbox 480 452 675 503; x_wconf 86' lang='lat' dir='ltr'>Suscipere</span> <span class='ocrx_word' id='word_1_40' title='bbox 702 459 825 489; x_wconf 88' lang='lat' dir='ltr'>tantos</span> <span class='ocrx_word' id='word_1_41' title='bbox 848 450 966 489; x_wconf 87' lang='lat' dir='ltr'>animi</span> <span class='ocrx_word' id='word_1_42' title='bbox 985 450 1144 499; x_wconf 85' lang='lat' dir='ltr'>dolores,</span> <span class='ocrx_word' id='word_1_43' title='bbox 1164 458 1280 503; x_wconf 88' lang='lat' dir='ltr'>atque</span> 
     </span>
     <span class='ocr_line' id='line_1_8' title="bbox 168 504 1281 558; baseline -0.001 -13"><span class='ocrx_word' id='word_1_44' title='bbox 168 520 226 555; x_wconf 90' lang='lat' dir='ltr'>ea,</span> <span class='ocrx_word' id='word_1_45' title='bbox 239 521 340 558; x_wconf 84' lang='lat' dir='ltr'>quae,</span> <span class='ocrx_word' id='word_1_46' title='bbox 350 507 460 558; x_wconf 68' lang='lat' dir='ltr'>capta</span> <span class='ocrx_word' id='word_1_47' title='bbox 470 509 577 553; x_wconf 84' lang='lat' dir='ltr'>urbe,</span> <span class='ocrx_word' id='word_1_48' title='bbox 587 505 761 544; x_wconf 85' lang='lat' dir='ltr'>accidunt</span> <span class='ocrx_word' id='word_1_49' title='bbox 769 504 888 553; x_wconf 88' lang='lat' dir='ltr'>victis,</span> <span class='ocrx_word' id='word_1_50' title='bbox 902 512 1023 543; x_wconf 90' lang='lat' dir='ltr'>stante</span> <span class='ocrx_word' id='word_1_51' title='bbox 1037 507 1143 552; x_wconf 86' lang='lat' dir='ltr'>urbe,</span> <span class='ocrx_word' id='word_1_52' title='bbox 1158 519 1281 544; x_wconf 91' lang='lat' dir='ltr'>unum</span> 
     </span>
     <span class='ocr_line' id='line_1_9' title="bbox 167 559 1280 611; baseline -0.001 -13"><span class='ocrx_word' id='word_1_53' title='bbox 167 560 326 611; x_wconf 81' lang='lat' dir='ltr'>perpeti,</span> <span class='ocrx_word' id='word_1_54' title='bbox 340 568 377 598; x_wconf 93' lang='lat' dir='ltr'>et</span> <span class='ocrx_word' id='word_1_55' title='bbox 392 562 474 610; x_wconf 90' lang='lat' dir='ltr'>jam</span> <span class='ocrx_word' id='word_1_56' title='bbox 493 574 531 599; x_wconf 89' lang='lat' dir='ltr'>se</span> <span class='ocrx_word' id='word_1_57' title='bbox 545 560 670 597; x_wconf 91' lang='lat' dir='ltr'>videre</span> <span class='ocrx_word' id='word_1_58' title='bbox 685 559 841 597; x_wconf 78' lang='lat' dir='ltr'>distrahi</span> <span class='ocrx_word' id='word_1_59' title='bbox 853 572 875 596; x_wconf 89' lang='lat' dir='ltr'>a</span> <span class='ocrx_word' id='word_1_60' title='bbox 890 559 1091 610; x_wconf 85' lang='lat' dir='ltr'>complexu</span> <span class='ocrx_word' id='word_1_61' title='bbox 1109 572 1280 605; x_wconf 88' lang='lat' dir='ltr'>suorum,</span> 
     </span>
     <span class='ocr_line' id='line_1_10' title="bbox 168 612 1284 664; baseline 0 -13"><span class='ocrx_word' id='word_1_62' title='bbox 168 613 371 653; x_wconf 88' lang='lat' dir='ltr'>disturbari</span> <span class='ocrx_word' id='word_1_63' title='bbox 389 621 499 662; x_wconf 88' lang='lat' dir='ltr'>tecta,</span> <span class='ocrx_word' id='word_1_64' title='bbox 520 613 633 664; x_wconf 88' lang='lat' dir='ltr'>diripi</span> <span class='ocrx_word' id='word_1_65' title='bbox 650 613 833 660; x_wconf 83' lang='lat' dir='ltr'>fortunas,</span> <span class='ocrx_word' id='word_1_66' title='bbox 846 612 978 663; x_wconf 88' lang='lat' dir='ltr'>patriae</span> <span class='ocrx_word' id='word_1_67' title='bbox 996 612 1159 663; x_wconf 88' lang='lat' dir='ltr'>denique</span> <span class='ocrx_word' id='word_1_68' title='bbox 1170 614 1284 651; x_wconf 56' lang='lat' dir='ltr'>caus&amp;</span> 
     </span>
     <span class='ocr_line' id='line_1_11' title="bbox 168 665 1282 719; baseline 0 -14"><span class='ocrx_word' id='word_1_69' title='bbox 168 668 331 718; x_wconf 85' lang='lat' dir='ltr'>patriam</span> <span class='ocrx_word' id='word_1_70' title='bbox 350 668 473 719; x_wconf 86' lang='lat' dir='ltr'>ipsam</span> <span class='ocrx_word' id='word_1_71' title='bbox 493 667 677 714; x_wconf 85' lang='lat' dir='ltr'>amittere,</span> <span class='ocrx_word' id='word_1_72' title='bbox 705 665 857 717; x_wconf 88' lang='lat' dir='ltr'>spoliari</span> <span class='ocrx_word' id='word_1_73' title='bbox 878 666 1012 717; x_wconf 90' lang='lat' dir='ltr'>populi</span> <span class='ocrx_word' id='word_1_74' title='bbox 1031 666 1198 704; x_wconf 86' lang='lat' dir='ltr'>Romani</span> <span class='ocrx_word' id='word_1_75' title='bbox 1215 669 1282 705; x_wconf 91' lang='lat' dir='ltr'>be-</span> 
     </span>
     <span class='ocr_line' id='line_1_12' title="bbox 168 719 1283 772; baseline 0 -14"><span class='ocrx_word' id='word_1_76' title='bbox 168 721 310 759; x_wconf 88' lang='lat' dir='ltr'>neficiis</span> <span class='ocrx_word' id='word_1_77' title='bbox 329 721 586 772; x_wconf 78' lang='lat' dir='ltr'>amplissimis,</span> <span class='ocrx_word' id='word_1_78' title='bbox 606 719 833 771; x_wconf 87' lang='lat' dir='ltr'>praecipitari</span> <span class='ocrx_word' id='word_1_79' title='bbox 851 732 899 757; x_wconf 82' lang='lat' dir='ltr'>ex</span> <span class='ocrx_word' id='word_1_80' title='bbox 917 719 1100 758; x_wconf 86' lang='lat' dir='ltr'>altissimo</span> <span class='ocrx_word' id='word_1_81' title='bbox 1118 719 1283 771; x_wconf 85' lang='lat' dir='ltr'>dignita-</span> 
     </span>
     <span class='ocr_line' id='line_1_13' title="bbox 168 773 1284 826; baseline 0.001 -15"><span class='ocrx_word' id='word_1_82' title='bbox 168 774 216 812; x_wconf 89' lang='lat' dir='ltr'>tis</span> <span class='ocrx_word' id='word_1_83' title='bbox 234 774 369 825; x_wconf 83' lang='lat' dir='ltr'>gradu,</span> <span class='ocrx_word' id='word_1_84' title='bbox 390 775 514 813; x_wconf 88' lang='lat' dir='ltr'>videre</span> <span class='ocrx_word' id='word_1_85' title='bbox 525 781 765 826; x_wconf 80' lang='lat' dir='ltr'>praetextatos</span> <span class='ocrx_word' id='word_1_86' title='bbox 776 773 962 820; x_wconf 84' lang='lat' dir='ltr'>inimicos,</span> <span class='ocrx_word' id='word_1_87' title='bbox 976 773 1148 811; x_wconf 88' lang='lat' dir='ltr'>nondum</span> <span class='ocrx_word' id='word_1_88' title='bbox 1162 781 1284 812; x_wconf 87' lang='lat' dir='ltr'>morte</span> 
     </span>
     <span class='ocr_line' id='line_1_14' title="bbox 168 827 1284 879; baseline 0.001 -14"><span class='ocrx_word' id='word_1_89' title='bbox 168 828 414 879; x_wconf 86' lang='lat' dir='ltr'>complorata,</span> <span class='ocrx_word' id='word_1_90' title='bbox 424 829 577 867; x_wconf 88' lang='lat' dir='ltr'>arbitria</span> <span class='ocrx_word' id='word_1_91' title='bbox 591 835 758 879; x_wconf 89' lang='lat' dir='ltr'>petentes</span> <span class='ocrx_word' id='word_1_92' title='bbox 772 827 935 873; x_wconf 80' lang='lat' dir='ltr'>funeris3</span> <span class='ocrx_word' id='word_1_93' title='bbox 956 827 1036 865; x_wconf 88' lang='lat' dir='ltr'>haec</span> <span class='ocrx_word' id='word_1_94' title='bbox 1048 827 1178 865; x_wconf 85' lang='lat' dir='ltr'>onmia</span> <span class='ocrx_word' id='word_1_95' title='bbox 1191 829 1284 866; x_wconf 89' lang='lat' dir='ltr'>sub-</span> 
     </span>
     <span class='ocr_line' id='line_1_15' title="bbox 168 880 1283 941; baseline -0.001 -21"><span class='ocrx_word' id='word_1_96' title='bbox 168 881 224 920; x_wconf 87' lang='lat' dir='ltr'>ire</span> <span class='ocrx_word' id='word_1_97' title='bbox 253 882 591 920; x_wconf 87' lang='lat' dir='ltr'>conservandorum</span> <span class='ocrx_word' id='word_1_98' title='bbox 620 881 757 919; x_wconf 89' lang='lat' dir='ltr'>civium</span> <span class='ocrx_word' id='word_1_99' title='bbox 787 893 914 941; x_wconf 68' lang='lat' dir='ltr'>causa,</span> <span class='ocrx_word' id='word_1_100' title='bbox 920 887 1046 940; x_wconf 81' lang='lat' dir='ltr'>atque</span> <span class='ocrx_word' id='word_1_101' title='bbox 1063 880 1130 927; x_wconf 89' lang='lat' dir='ltr'>ita,</span> <span class='ocrx_word' id='word_1_102' title='bbox 1150 888 1196 919; x_wconf 92' lang='lat' dir='ltr'>ut</span> <span class='ocrx_word' id='word_1_103' title='bbox 1212 881 1283 920; x_wconf 90' lang='lat' dir='ltr'>do-</span> 
     </span>
     <span class='ocr_line' id='line_1_16' title="bbox 169 933 1282 985; baseline 0.001 -13"><span class='ocrx_word' id='word_1_104' title='bbox 169 935 288 973; x_wconf 88' lang='lat' dir='ltr'>lenter</span> <span class='ocrx_word' id='word_1_105' title='bbox 300 936 412 984; x_wconf 88' lang='lat' dir='ltr'>absis,</span> <span class='ocrx_word' id='word_1_106' title='bbox 433 948 509 973; x_wconf 90' lang='lat' dir='ltr'>non</span> <span class='ocrx_word' id='word_1_107' title='bbox 520 943 600 973; x_wconf 86' lang='lat' dir='ltr'>tam</span> <span class='ocrx_word' id='word_1_108' title='bbox 615 934 760 985; x_wconf 86' lang='lat' dir='ltr'>sapiens</span> <span class='ocrx_word' id='word_1_109' title='bbox 773 946 891 985; x_wconf 88' lang='lat' dir='ltr'>quam</span> <span class='ocrx_word' id='word_1_110' title='bbox 903 933 932 970; x_wconf 91' lang='lat' dir='ltr'>ii</span> <span class='ocrx_word' id='word_1_111' title='bbox 946 933 1013 984; x_wconf 91' lang='lat' dir='ltr'>qui</span> <span class='ocrx_word' id='word_1_112' title='bbox 1026 933 1123 971; x_wconf 80' lang='lat' dir='ltr'>nihil</span> <span class='ocrx_word' id='word_1_113' title='bbox 1134 943 1282 983; x_wconf 88' lang='lat' dir='ltr'>curant,</span> 
     </span>
     <span class='ocr_line' id='line_1_17' title="bbox 169 987 1286 1038; baseline 0.001 -12"><span class='ocrx_word' id='word_1_114' title='bbox 169 989 235 1026; x_wconf 88' lang='lat' dir='ltr'>sed</span> <span class='ocrx_word' id='word_1_115' title='bbox 254 997 332 1027; x_wconf 90' lang='lat' dir='ltr'>tam</span> <span class='ocrx_word' id='word_1_116' title='bbox 352 1002 485 1027; x_wconf 88' lang='lat' dir='ltr'>amans</span> <span class='ocrx_word' id='word_1_117' title='bbox 503 996 672 1036; x_wconf 90' lang='lat' dir='ltr'>tuorum,</span> <span class='ocrx_word' id='word_1_118' title='bbox 694 1000 736 1025; x_wconf 89' lang='lat' dir='ltr'>ac</span> <span class='ocrx_word' id='word_1_119' title='bbox 755 987 827 1033; x_wconf 87' lang='lat' dir='ltr'>tui,</span> <span class='ocrx_word' id='word_1_120' title='bbox 842 1000 960 1038; x_wconf 90' lang='lat' dir='ltr'>quam</span> <span class='ocrx_word' id='word_1_121' title='bbox 979 988 1192 1026; x_wconf 88' lang='lat' dir='ltr'>communis</span> <span class='ocrx_word' id='word_1_122' title='bbox 1209 989 1286 1027; x_wconf 91' lang='lat' dir='ltr'>hu-</span> 
     </span>
     <span class='ocr_line' id='line_1_18' title="bbox 169 1040 1284 1094; baseline 0 -14"><span class='ocrx_word' id='word_1_123' title='bbox 169 1042 527 1094; x_wconf 82' lang='lat' dir='ltr'>manitaspostulat3</span> <span class='ocrx_word' id='word_1_124' title='bbox 543 1055 586 1081; x_wconf 90' lang='lat' dir='ltr'>ea</span> <span class='ocrx_word' id='word_1_125' title='bbox 595 1043 680 1080; x_wconf 88' lang='lat' dir='ltr'>laus</span> <span class='ocrx_word' id='word_1_126' title='bbox 690 1041 990 1092; x_wconf 83' lang='lat' dir='ltr'>praeclaraatque</span> <span class='ocrx_word' id='word_1_127' title='bbox 1001 1040 1141 1079; x_wconf 84' lang='lat' dir='ltr'>divina.</span> <span class='ocrx_word' id='word_1_128' title='bbox 1162 1042 1284 1090; x_wconf 91' lang='lat' dir='ltr'>Nam,</span> 
     </span>
     <span class='ocr_line' id='line_1_19' title="bbox 170 1094 1286 1160; baseline 0.001 -26"><span class='ocrx_word' id='word_1_129' title='bbox 170 1096 239 1147; x_wconf 89' lang='lat' dir='ltr'>qui</span> <span class='ocrx_word' id='word_1_130' title='bbox 253 1110 309 1143; x_wconf 88' lang='lat' dir='ltr'>ea,</span> <span class='ocrx_word' id='word_1_131' title='bbox 330 1110 417 1147; x_wconf 88' lang='lat' dir='ltr'>quae</span> <span class='ocrx_word' id='word_1_132' title='bbox 434 1108 636 1160; x_wconf 86' lang='lat' dir='ltr'>nunquam</span> <span class='ocrx_word' id='word_1_133' title='bbox 655 1108 740 1133; x_wconf 85' lang='lat' dir='ltr'>cara</span> <span class='ocrx_word' id='word_1_134' title='bbox 760 1108 803 1132; x_wconf 88' lang='lat' dir='ltr'>ac</span> <span class='ocrx_word' id='word_1_135' title='bbox 818 1094 989 1143; x_wconf 88' lang='lat' dir='ltr'>jucunda</span> <span class='ocrx_word' id='word_1_136' title='bbox 1007 1094 1132 1143; x_wconf 86' lang='lat' dir='ltr'>duxit,</span> <span class='ocrx_word' id='word_1_137' title='bbox 1156 1096 1286 1135; x_wconf 88' lang='lat' dir='ltr'>animo</span> 
     </span>
     <span class='ocr_line' id='line_1_20' title="bbox 170 1147 1284 1201; baseline 0.001 -14"><span class='ocrx_word' id='word_1_138' title='bbox 170 1163 279 1200; x_wconf 86' lang='lat' dir='ltr'>aequo</span> <span class='ocrx_word' id='word_1_139' title='bbox 298 1150 514 1201; x_wconf 88' lang='lat' dir='ltr'>reipublicae</span> <span class='ocrx_word' id='word_1_140' title='bbox 529 1162 641 1188; x_wconf 86' lang='lat' dir='ltr'>causa</span> <span class='ocrx_word' id='word_1_141' title='bbox 654 1147 803 1194; x_wconf 81' lang='lat' dir='ltr'>deserit,</span> <span class='ocrx_word' id='word_1_142' title='bbox 819 1148 967 1185; x_wconf 82' lang='lat' dir='ltr'>nullam</span> <span class='ocrx_word' id='word_1_143' title='bbox 986 1149 1284 1188; x_wconf 83' lang='lat' dir='ltr'>benevolentiam</span> 
     </span>
     <span class='ocr_line' id='line_1_21' title="bbox 169 1176 1285 1254; baseline 0.001 -13"><span class='ocrx_word' id='word_1_144' title='bbox 169 1202 358 1254; x_wconf 86' lang='lat' dir='ltr'>insignem</span> <span class='ocrx_word' id='word_1_145' title='bbox 376 1203 416 1240; x_wconf 90' lang='lat' dir='ltr'>in</span> <span class='ocrx_word' id='word_1_146' title='bbox 435 1203 710 1254; x_wconf 77' lang='lat' dir='ltr'>rempubficam</span> <span class='ocrx_word' id='word_1_147' title='bbox 725 1176 912 1239; x_wconf 83' lang='lat' dir='ltr'>declarat:</span> <span class='ocrx_word' id='word_1_148' title='bbox 934 1201 1002 1252; x_wconf 87' lang='lat' dir='ltr'>qui</span> <span class='ocrx_word' id='word_1_149' title='bbox 1019 1208 1149 1240; x_wconf 84' lang='lat' dir='ltr'>autem</span> <span class='ocrx_word' id='word_1_150' title='bbox 1168 1216 1212 1241; x_wconf 88' lang='lat' dir='ltr'>ea</span> <span class='ocrx_word' id='word_1_151' title='bbox 1226 1217 1285 1242; x_wconf 89' lang='lat' dir='ltr'>re·</span> 
     </span>
     <span class='ocr_line' id='line_1_22' title="bbox 170 1255 1286 1317; baseline 0.002 -24"><span class='ocrx_word' id='word_1_152' title='bbox 170 1257 323 1307; x_wconf 90' lang='lat' dir='ltr'>linquit,</span> <span class='ocrx_word' id='word_1_153' title='bbox 341 1256 557 1307; x_wconf 83' lang='lat' dir='ltr'>reipublicae</span> <span class='ocrx_word' id='word_1_154' title='bbox 575 1269 702 1317; x_wconf 80' lang='lat' dir='ltr'>causa,</span> <span class='ocrx_word' id='word_1_155' title='bbox 727 1269 750 1293; x_wconf 91' lang='lat' dir='ltr'>a</span> <span class='ocrx_word' id='word_1_156' title='bbox 771 1255 911 1305; x_wconf 88' lang='lat' dir='ltr'>quibus</span> <span class='ocrx_word' id='word_1_157' title='bbox 933 1268 1022 1292; x_wconf 89' lang='lat' dir='ltr'>cum</span> <span class='ocrx_word' id='word_1_158' title='bbox 1047 1268 1200 1293; x_wconf 86' lang='lat' dir='ltr'>summo</span> <span class='ocrx_word' id='word_1_159' title='bbox 1218 1258 1286 1295; x_wconf 89' lang='lat' dir='ltr'>do-</span> 
     </span>
     <span class='ocr_line' id='line_1_23' title="bbox 170 1309 1288 1362; baseline 0.003 -15"><span class='ocrx_word' id='word_1_160' title='bbox 170 1310 249 1348; x_wconf 87' lang='lat' dir='ltr'>lore</span> <span class='ocrx_word' id='word_1_161' title='bbox 268 1310 474 1357; x_wconf 81' lang='lat' dir='ltr'>divellitur,</span> <span class='ocrx_word' id='word_1_162' title='bbox 491 1310 525 1347; x_wconf 91' lang='lat' dir='ltr'>ei</span> <span class='ocrx_word' id='word_1_163' title='bbox 544 1309 665 1362; x_wconf 86' lang='lat' dir='ltr'>patria</span> <span class='ocrx_word' id='word_1_164' title='bbox 684 1321 770 1346; x_wconf 89' lang='lat' dir='ltr'>cara</span> <span class='ocrx_word' id='word_1_165' title='bbox 781 1314 836 1346; x_wconf 94' lang='lat' dir='ltr'>est</span> <span class='ocrx_word' id='word_1_166' title='bbox 853 1323 863 1345; x_wconf 76' lang='lat' dir='ltr'><strong><em>z</em></strong></span> <span class='ocrx_word' id='word_1_167' title='bbox 893 1309 1003 1357; x_wconf 90' lang='lat' dir='ltr'>cujus</span> <span class='ocrx_word' id='word_1_168' title='bbox 1015 1309 1177 1348; x_wconf 86' lang='lat' dir='ltr'>salutem</span> <span class='ocrx_word' id='word_1_169' title='bbox 1191 1311 1288 1350; x_wconf 87' lang='lat' dir='ltr'>cari-</span> 
     </span>
     <span class='ocr_line' id='line_1_24' title="bbox 171 1364 643 1414; baseline 0 -13"><span class='ocrx_word' id='word_1_170' title='bbox 171 1364 240 1401; x_wconf 88' lang='lat' dir='ltr'>tati</span> <span class='ocrx_word' id='word_1_171' title='bbox 258 1364 455 1414; x_wconf 85' lang='lat' dir='ltr'>anteponit</span> <span class='ocrx_word' id='word_1_172' title='bbox 473 1376 643 1402; x_wconf 89' lang='lat' dir='ltr'>suorum.</span> 
     </span>
    </p>

    <p class='ocr_par' dir='ltr' id='par_1_4' title="bbox 171 1415 1292 1951">
     <span class='ocr_line' id='line_1_25' title="bbox 225 1415 1284 1468; baseline 0.003 -13"><span class='ocrx_word' id='word_1_173' title='bbox 225 1417 371 1464; x_wconf 87' lang='lat' dir='ltr'>Quare,</span> <span class='ocrx_word' id='word_1_174' title='bbox 391 1417 668 1468; x_wconf 85' lang='lat' dir='ltr'>rempublicam</span> <span class='ocrx_word' id='word_1_175' title='bbox 688 1415 963 1466; x_wconf 86' lang='lat' dir='ltr'>(disrumpatur</span> <span class='ocrx_word' id='word_1_176' title='bbox 976 1415 1063 1454; x_wconf 85' lang='lat' dir='ltr'>licet</span> <span class='ocrx_word' id='word_1_177' title='bbox 1080 1416 1152 1454; x_wconf 88' lang='lat' dir='ltr'>ista</span> <span class='ocrx_word' id='word_1_178' title='bbox 1170 1417 1284 1466; x_wconf 82' lang='lat' dir='ltr'>furia,</span> 
     </span>
     <span class='ocr_line' id='line_1_26' title="bbox 173 1469 1289 1532; baseline 0.003 -24"><span class='ocrx_word' id='word_1_179' title='bbox 173 1470 329 1522; x_wconf 87' lang='lat' dir='ltr'>[atque]</span> <span class='ocrx_word' id='word_1_180' title='bbox 356 1471 486 1509; x_wconf 86' lang='lat' dir='ltr'>audiat</span> <span class='ocrx_word' id='word_1_181' title='bbox 510 1471 592 1509; x_wconf 89' lang='lat' dir='ltr'>haec</span> <span class='ocrx_word' id='word_1_182' title='bbox 617 1483 664 1508; x_wconf 84' lang='lat' dir='ltr'>ex</span> <span class='ocrx_word' id='word_1_183' title='bbox 689 1482 765 1517; x_wconf 91' lang='lat' dir='ltr'>me,</span> <span class='ocrx_word' id='word_1_184' title='bbox 799 1469 981 1530; x_wconf 85' lang='lat' dir='ltr'>quoniam</span> <span class='ocrx_word' id='word_1_185' title='bbox 1005 1470 1206 1532; x_wconf 78' lang='lat' dir='ltr'>lacessivit)</span> <span class='ocrx_word' id='word_1_186' title='bbox 1229 1474 1289 1512; x_wconf 75' lang='lat' dir='ltr'>bis</span> 
     </span>
     <span class='ocr_line' id='line_1_27' title="bbox 172 1523 1288 1575; baseline 0.003 -13"><span class='ocrx_word' id='word_1_187' title='bbox 172 1524 328 1570; x_wconf 82' lang='lat' dir='ltr'>servavi,</span> <span class='ocrx_word' id='word_1_188' title='bbox 355 1531 399 1562; x_wconf 92' lang='lat' dir='ltr'>ut</span> <span class='ocrx_word' id='word_1_189' title='bbox 418 1525 547 1563; x_wconf 89' lang='lat' dir='ltr'>consul</span> <span class='ocrx_word' id='word_1_190' title='bbox 572 1531 723 1575; x_wconf 85' lang='lat' dir='ltr'>togatus</span> <span class='ocrx_word' id='word_1_191' title='bbox 747 1529 911 1562; x_wconf 87' lang='lat' dir='ltr'>armatos</span> <span class='ocrx_word' id='word_1_192' title='bbox 929 1523 1097 1572; x_wconf 83' lang='lat' dir='ltr'>vicerim,</span> <span class='ocrx_word' id='word_1_193' title='bbox 1117 1525 1288 1575; x_wconf 73' lang='lat' dir='ltr'>privatus</span> 
     </span>
     <span class='ocr_line' id='line_1_28' title="bbox 171 1575 1290 1630; baseline 0.003 -14"><span class='ocrx_word' id='word_1_194' title='bbox 171 1578 389 1616; x_wconf 87' lang='lat' dir='ltr'>consulibus</span> <span class='ocrx_word' id='word_1_195' title='bbox 402 1578 556 1616; x_wconf 86' lang='lat' dir='ltr'>armatis</span> <span class='ocrx_word' id='word_1_196' title='bbox 568 1577 753 1617; x_wconf 87' lang='lat' dir='ltr'>cesserim.</span> <span class='ocrx_word' id='word_1_197' title='bbox 773 1575 983 1628; x_wconf 88' lang='lat' dir='ltr'>Utriusque</span> <span class='ocrx_word' id='word_1_198' title='bbox 995 1578 1174 1630; x_wconf 87' lang='lat' dir='ltr'>temporis</span> <span class='ocrx_word' id='word_1_199' title='bbox 1187 1579 1290 1619; x_wconf 82' lang='lat' dir='ltr'>fruo-</span> 
     </span>
     <span class='ocr_line' id='line_1_29' title="bbox 173 1630 1289 1683; baseline 0.003 -14"><span class='ocrx_word' id='word_1_200' title='bbox 173 1638 258 1669; x_wconf 90' lang='lat' dir='ltr'>tum</span> <span class='ocrx_word' id='word_1_201' title='bbox 287 1631 359 1669; x_wconf 89' lang='lat' dir='ltr'>tuli</span> <span class='ocrx_word' id='word_1_202' title='bbox 389 1631 631 1678; x_wconf 84' lang='lat' dir='ltr'>maximum;</span> <span class='ocrx_word' id='word_1_203' title='bbox 670 1630 884 1683; x_wconf 87' lang='lat' dir='ltr'>superioris,</span> <span class='ocrx_word' id='word_1_204' title='bbox 916 1630 1034 1682; x_wconf 89' lang='lat' dir='ltr'>quod,</span> <span class='ocrx_word' id='word_1_205' title='bbox 1065 1644 1114 1669; x_wconf 84' lang='lat' dir='ltr'>ex</span> <span class='ocrx_word' id='word_1_206' title='bbox 1139 1636 1289 1672; x_wconf 78' lang='lat' dir='ltr'>senatus</span> 
     </span>
     <span class='ocr_line' id='line_1_30' title="bbox 173 1685 1290 1733; baseline 0.003 -11"><span class='ocrx_word' id='word_1_207' title='bbox 173 1685 406 1733; x_wconf 88' lang='lat' dir='ltr'>auctoritate,</span> <span class='ocrx_word' id='word_1_208' title='bbox 428 1693 465 1723; x_wconf 89' lang='lat' dir='ltr'>et</span> <span class='ocrx_word' id='word_1_209' title='bbox 483 1694 656 1724; x_wconf 86' lang='lat' dir='ltr'>senatum</span> <span class='ocrx_word' id='word_1_210' title='bbox 675 1693 713 1723; x_wconf 86' lang='lat' dir='ltr'>et</span> <span class='ocrx_word' id='word_1_211' title='bbox 737 1696 867 1723; x_wconf 90' lang='lat' dir='ltr'>omnes</span> <span class='ocrx_word' id='word_1_212' title='bbox 893 1685 1024 1733; x_wconf 84' lang='lat' dir='ltr'>bonos,</span> <span class='ocrx_word' id='word_1_213' title='bbox 1044 1697 1141 1723; x_wconf 88' lang='lat' dir='ltr'>meae</span> <span class='ocrx_word' id='word_1_214' title='bbox 1159 1686 1290 1726; x_wconf 74' lang='lat' dir='ltr'>salutis</span> 
     </span>
     <span class='ocr_line' id='line_1_31' title="bbox 174 1737 1292 1790; baseline 0.003 -14"><span class='ocrx_word' id='word_1_215' title='bbox 174 1739 301 1786; x_wconf 72' lang='lat' dir='ltr'>causa,</span> <span class='ocrx_word' id='word_1_216' title='bbox 317 1738 464 1776; x_wconf 68' lang='lat' dir='ltr'>mutata</span> <span class='ocrx_word' id='word_1_217' title='bbox 483 1746 584 1777; x_wconf 88' lang='lat' dir='ltr'>veste</span> <span class='ocrx_word' id='word_1_218' title='bbox 603 1739 701 1784; x_wconf 81' lang='lat' dir='ltr'>vidi3</span> <span class='ocrx_word' id='word_1_219' title='bbox 729 1737 956 1790; x_wconf 75' lang='lat' dir='ltr'>posteriori3‚</span> <span class='ocrx_word' id='word_1_220' title='bbox 974 1738 1078 1789; x_wconf 88' lang='lat' dir='ltr'>quod</span> <span class='ocrx_word' id='word_1_221' title='bbox 1091 1746 1128 1776; x_wconf 90' lang='lat' dir='ltr'>et</span> <span class='ocrx_word' id='word_1_222' title='bbox 1140 1748 1292 1779; x_wconf 88' lang='lat' dir='ltr'>senatus</span> 
     </span>
     <span class='ocr_line' id='line_1_32' title="bbox 174 1792 1290 1844; baseline 0.002 -14"><span class='ocrx_word' id='word_1_223' title='bbox 174 1799 214 1830; x_wconf 87' lang='lat' dir='ltr'>et</span> <span class='ocrx_word' id='word_1_224' title='bbox 231 1793 396 1843; x_wconf 88' lang='lat' dir='ltr'>populus</span> <span class='ocrx_word' id='word_1_225' title='bbox 417 1793 630 1840; x_wconf 87' lang='lat' dir='ltr'>Romanus,</span> <span class='ocrx_word' id='word_1_226' title='bbox 651 1800 688 1831; x_wconf 88' lang='lat' dir='ltr'>et</span> <span class='ocrx_word' id='word_1_227' title='bbox 705 1805 835 1830; x_wconf 87' lang='lat' dir='ltr'>omnes</span> <span class='ocrx_word' id='word_1_228' title='bbox 849 1792 1040 1839; x_wconf 86' lang='lat' dir='ltr'>mortales,</span> <span class='ocrx_word' id='word_1_229' title='bbox 1057 1799 1095 1830; x_wconf 90' lang='lat' dir='ltr'>et</span> <span class='ocrx_word' id='word_1_230' title='bbox 1112 1793 1290 1844; x_wconf 84' lang='lat' dir='ltr'>privatim</span> 
     </span>
     <span class='ocr_line' id='line_1_33' title="bbox 177 1845 1292 1898; baseline 0.003 -15"><span class='ocrx_word' id='word_1_231' title='bbox 177 1852 215 1883; x_wconf 87' lang='lat' dir='ltr'>et</span> <span class='ocrx_word' id='word_1_232' title='bbox 232 1845 384 1896; x_wconf 87' lang='lat' dir='ltr'>publice</span> <span class='ocrx_word' id='word_1_233' title='bbox 400 1846 635 1895; x_wconf 59' lang='lat' dir='ltr'>judicarunt,</span> <span class='ocrx_word' id='word_1_234' title='bbox 657 1847 737 1885; x_wconf 89' lang='lat' dir='ltr'>sine</span> <span class='ocrx_word' id='word_1_235' title='bbox 761 1859 848 1884; x_wconf 91' lang='lat' dir='ltr'>meo</span> <span class='ocrx_word' id='word_1_236' title='bbox 866 1845 990 1882; x_wconf 80' lang='lat' dir='ltr'>reditu</span> <span class='ocrx_word' id='word_1_237' title='bbox 1015 1847 1292 1898; x_wconf 85' lang='lat' dir='ltr'>rempublicam</span> 
     </span>
     <span class='ocr_line' id='line_1_34' title="bbox 178 1899 650 1951; baseline 0.004 -15"><span class='ocrx_word' id='word_1_238' title='bbox 178 1899 322 1937; x_wconf 82' lang='lat' dir='ltr'>salvam</span> <span class='ocrx_word' id='word_1_239' title='bbox 341 1912 419 1937; x_wconf 90' lang='lat' dir='ltr'>esse</span> <span class='ocrx_word' id='word_1_240' title='bbox 437 1912 513 1937; x_wconf 92' lang='lat' dir='ltr'>non</span> <span class='ocrx_word' id='word_1_241' title='bbox 531 1914 650 1951; x_wconf 88' lang='lat' dir='ltr'>posse.</span> 
     </span>
    </p>

    <p class='ocr_par' dir='ltr' id='par_1_5' title="bbox 177 1953 1293 2208">
     <span class='ocr_line' id='line_1_35' title="bbox 232 1953 1290 2005; baseline 0.003 -15"><span class='ocrx_word' id='word_1_242' title='bbox 232 1953 307 1991; x_wconf 86' lang='lat' dir='ltr'>Sed</span> <span class='ocrx_word' id='word_1_243' title='bbox 321 1953 382 1991; x_wconf 92' lang='lat' dir='ltr'>hic</span> <span class='ocrx_word' id='word_1_244' title='bbox 394 1965 502 1991; x_wconf 87' lang='lat' dir='ltr'>meus</span> <span class='ocrx_word' id='word_1_245' title='bbox 518 1954 673 2002; x_wconf 88' lang='lat' dir='ltr'>reditus,</span> <span class='ocrx_word' id='word_1_246' title='bbox 688 1953 898 2005; x_wconf 88' lang='lat' dir='ltr'>pontifices,</span> <span class='ocrx_word' id='word_1_247' title='bbox 912 1960 1036 1991; x_wconf 88' lang='lat' dir='ltr'>vestro</span> <span class='ocrx_word' id='word_1_248' title='bbox 1042 1953 1187 2003; x_wconf 90' lang='lat' dir='ltr'>judicio</span> <span class='ocrx_word' id='word_1_249' title='bbox 1201 1966 1290 1993; x_wconf 89' lang='lat' dir='ltr'>con-</span> 
     </span>
     <span class='ocr_line' id='line_1_36' title="bbox 178 2005 1290 2056; baseline 0.003 -13"><span class='ocrx_word' id='word_1_250' title='bbox 178 2005 330 2044; x_wconf 85' lang='lat' dir='ltr'>tinetur.</span> <span class='ocrx_word' id='word_1_251' title='bbox 361 2007 481 2053; x_wconf 85' lang='lat' dir='ltr'>Nam,</span> <span class='ocrx_word' id='word_1_252' title='bbox 498 2007 607 2046; x_wconf 86' lang='lat' dir='ltr'>sivos</span> <span class='ocrx_word' id='word_1_253' title='bbox 620 2021 684 2045; x_wconf 88' lang='lat' dir='ltr'>me</span> <span class='ocrx_word' id='word_1_254' title='bbox 695 2008 735 2044; x_wconf 91' lang='lat' dir='ltr'>in</span> <span class='ocrx_word' id='word_1_255' title='bbox 747 2007 842 2045; x_wconf 88' lang='lat' dir='ltr'>meis</span> <span class='ocrx_word' id='word_1_256' title='bbox 858 2006 1003 2044; x_wconf 86' lang='lat' dir='ltr'>aedibus</span> <span class='ocrx_word' id='word_1_257' title='bbox 1021 2008 1208 2046; x_wconf 86' lang='lat' dir='ltr'>collocatis</span> <span class='ocrx_word' id='word_1_258' title='bbox 1220 2008 1290 2056; x_wconf 81' lang='lat' dir='ltr'>(id,</span> 
     </span>
     <span class='ocr_line' id='line_1_37' title="bbox 177 2059 1293 2111; baseline 0.003 -14"><span class='ocrx_word' id='word_1_259' title='bbox 177 2059 294 2110; x_wconf 90' lang='lat' dir='ltr'>quod,</span> <span class='ocrx_word' id='word_1_260' title='bbox 314 2060 355 2097; x_wconf 93' lang='lat' dir='ltr'>in</span> <span class='ocrx_word' id='word_1_261' title='bbox 376 2061 480 2098; x_wconf 87' lang='lat' dir='ltr'>omni</span> <span class='ocrx_word' id='word_1_262' title='bbox 499 2061 586 2099; x_wconf 60' lang='lat' dir='ltr'>mea</span> <span class='ocrx_word' id='word_1_263' title='bbox 604 2061 728 2107; x_wconf 65' lang='lat' dir='ltr'>causa,</span> <span class='ocrx_word' id='word_1_264' title='bbox 759 2074 907 2111; x_wconf 83' lang='lat' dir='ltr'>semper</span> <span class='ocrx_word' id='word_1_265' title='bbox 943 2060 1092 2107; x_wconf 89' lang='lat' dir='ltr'>studiis,</span> <span class='ocrx_word' id='word_1_266' title='bbox 1112 2061 1293 2109; x_wconf 85' lang='lat' dir='ltr'>consiliis,</span> 
     </span>
     <span class='ocr_line' id='line_1_38' title="bbox 178 2113 1291 2166; baseline 0.003 -15"><span class='ocrx_word' id='word_1_267' title='bbox 178 2113 476 2161; x_wconf 83' lang='lat' dir='ltr'>auctoritatibus,</span> <span class='ocrx_word' id='word_1_268' title='bbox 497 2115 765 2166; x_wconf 85' lang='lat' dir='ltr'>sententiisque</span> <span class='ocrx_word' id='word_1_269' title='bbox 783 2114 951 2163; x_wconf 85' lang='lat' dir='ltr'>fecistis),</span> <span class='ocrx_word' id='word_1_270' title='bbox 972 2114 1080 2152; x_wconf 85' lang='lat' dir='ltr'>video</span> <span class='ocrx_word' id='word_1_271' title='bbox 1099 2127 1161 2153; x_wconf 87' lang='lat' dir='ltr'>me</span> <span class='ocrx_word' id='word_1_272' title='bbox 1178 2115 1291 2166; x_wconf 87' lang='lat' dir='ltr'>plane</span> 
     </span>
     <span class='ocr_line' id='line_1_39' title="bbox 179 2167 1292 2208; baseline 0.002 -3"><span class='ocrx_word' id='word_1_273' title='bbox 179 2180 222 2205; x_wconf 81' lang='lat' dir='ltr'>ac</span> <span class='ocrx_word' id='word_1_274' title='bbox 241 2167 360 2206; x_wconf 86' lang='lat' dir='ltr'>sentio</span> <span class='ocrx_word' id='word_1_275' title='bbox 378 2168 606 2208; x_wconf 86' lang='lat' dir='ltr'>restitutum.</span> <span class='ocrx_word' id='word_1_276' title='bbox 638 2169 705 2207; x_wconf 87' lang='lat' dir='ltr'>Sin</span> <span class='ocrx_word' id='word_1_277' title='bbox 721 2181 806 2207; x_wconf 84' lang='lat' dir='ltr'>mea</span> <span class='ocrx_word' id='word_1_278' title='bbox 817 2168 952 2208; x_wconf 87' lang='lat' dir='ltr'>domus</span> <span class='ocrx_word' id='word_1_279' title='bbox 969 2180 1046 2207; x_wconf 88' lang='lat' dir='ltr'>non</span> <span class='ocrx_word' id='word_1_280' title='bbox 1063 2168 1178 2207; x_wconf 89' lang='lat' dir='ltr'>modo</span> <span class='ocrx_word' id='word_1_281' title='bbox 1197 2169 1292 2207; x_wconf 87' lang='lat' dir='ltr'>mihi</span> 
     </span>
    </p>
   </div>
  </div>
 </body>
</html>
