1455 2343
219 98 295 136 142
422 98 536 138 PRO
565 98 737 139 DOMO
765 99 887 139 SUA.
917 99 1022 139 CAP.
1055 99 1116 137 16:

215 204 455 243 habendam:
485 205 562 257 quii
591 206 756 257 sublata,
780 206 975 259 intelligis,
1005 212 1131 244 totum
1156 204 1327 244 tribuna-

214 265 299 296 tum
318 265 432 297 tuum
451 260 667 299 concidisse.

267 312 363 351 XV.
393 313 518 352 Venio
544 314 592 352 ad.
618 327 807 364 augures3
838 326 1004 366 quorum
1032 326 1101 364 ego
1132 312 1263 360 libros,
1294 310 1326 350 si

215 365 284 416 qui
302 372 391 404 sunt
409 367 603 414 reconditi,
626 380 702 406 non
728 376 894 406 scrutor.
925 380 1002 406 non
1022 379 1108 405 sum
1135 366 1175 404 in
1195 364 1329 416 exqui-

215 419 333 457 rendo
355 421 440 469 jure
467 434 658 472 augurum
677 422 857 459 curiosus.
888 422 998 468 Haec,
1026 433 1113 472 quae
1141 432 1221 457 una
1239 431 1327 457 cum

215 473 359 524 populo
388 473 516 519 didici,
556 488 641 525 quae
671 488 769 526 saepe
801 475 841 512 in
874 475 1114 513 concionibus
1150 484 1329 524 responsa

216 535 319 573 sunt,
350 527 448 565 novi.
479 528 635 578 Negant
658 528 714 565 fas
740 542 817 566 esse
844 529 906 579 agi
931 541 1019 566 cum
1049 527 1206 578 populo,
1238 538 1328 564 cum

217 579 264 617 de
282 581 373 617 coelo
393 588 583 618 servatum
602 581 661 618 sit.
693 581 783 628 Quo
801 582 862 620 die
887 581 934 619 de
954 589 990 620 te
1008 582 1072 618 lex
1091 580 1234 618 curiata
1251 579 1330 616 lata

218 645 297 671 esse
315 633 474 681 dicatur,
502 634 616 672 audes
646 647 783 685 negare
807 635 854 672 de
879 635 971 673 coelo
1001 647 1078 672 esse
1107 640 1296 671 servatum
1310 634 1329 671 ?

216 686 342 724 Adest
359 700 536 737 praesens,
552 687 609 725 vir
627 687 811 737 singulari
829 688 980 735 virtute,
1001 687 1223 735 constantia,
1243 699 1331 736 gra-

217 739 333 778 vitate
361 741 556 790 praeditus,
588 741 648 778 M.
670 741 862 779 Bibulus:
893 741 1010 788 hunc,
1032 741 1238 788 consulem,
1264 739 1331 777 isso

218 793 302 843 ipso
331 794 392 831 die
424 794 607 831 contendo
640 794 804 832 servasse
834 794 881 832 de
913 794 1016 833 coelo.
1058 793 1219 832 Infirma
1243 799 1332 832 sunt

217 846 348 896 igitur,
369 845 436 885 tuti
454 848 652 895 sententia,
668 855 750 885 acta
762 848 806 886 C.
822 848 996 894 Caesaris,
1011 847 1082 886 viri
1101 846 1294 885 fortissimi
1311 848 1329 884 Ρ

217 899 413 938 BIinime:
444 913 567 952 neque
595 902 698 939 enim
722 902 810 939 mea
831 903 913 951 jam
933 901 1143 952 quidquam
1163 901 1330 947 interest,

219 954 385 1005 exceptis
403 954 462 992 his
481 955 578 1002 telis,
599 969 700 1006 quae,
716 968 764 993 ex
781 955 884 993 illius
904 955 1129 1003 actionibus,
1141 954 1182 992 in
1199 966 1332 992 meum

219 1019 354 1058 corpus
374 1008 544 1046 immissa
562 1019 661 1046 sunt.

273 1061 349 1099 Sed
375 1062 456 1099 haec
486 1062 532 1100 de
555 1062 743 1113 auspiciis,
772 1076 858 1113 quae
883 1075 953 1113 ego
977 1074 1079 1100 nunc
1102 1060 1332 1112 perbreviter

218 1115 378 1165 attingo,
399 1123 482 1153 acta
501 1123 588 1153 sunt
606 1129 627 1153 a
646 1123 693 1153 te.
724 1116 804 1161 Tu,
825 1123 892 1153 tuo
910 1115 1170 1167 praecipitante
1191 1116 1273 1164 jam
1294 1120 1331 1153 et

219 1167 413 1205 debilitato
450 1169 660 1215 tribunatu,
700 1169 955 1220 auspiciorum
992 1176 1175 1219 patronus
1207 1167 1332 1206 subito

220 1222 420 1259 exstitisti.
453 1229 494 1259 tu
526 1223 586 1260 M.
608 1223 797 1261 Bibulum
822 1223 863 1260 in
895 1222 1125 1270 concionem,
1145 1228 1187 1259 tu
1208 1235 1331 1272 augu-

220 1287 294 1321 res,
316 1275 540 1326 produxisti.
571 1275 631 1314 Te
660 1276 928 1327 interrogante,
950 1288 1112 1326 augures
1130 1275 1333 1327 responde-

219 1336 324 1375 runt,
343 1341 388 1366 cu
391 1341 431 1365 m
452 1329 498 1367 de
517 1330 608 1367 coelo
627 1338 816 1367 servatum
829 1329 890 1377 sit,
912 1342 999 1366 cum
1017 1329 1160 1380 populo
1178 1329 1240 1380 agi
1254 1341 1331 1368 non

217 1394 337 1432 posse.
368 1382 461 1420 'libi
488 1383 548 1419 M.
575 1383 741 1421 Bibulus
768 1383 965 1443 quaerenti,
995 1395 1033 1420 se
1058 1383 1105 1420 de
1130 1383 1223 1420 coelo
1255 1395 1330 1421 ser-

219 1447 340 1482 vasse,
379 1436 594 1486 respondit:
632 1437 810 1488 idemque
847 1436 887 1473 in
925 1436 1102 1474 concione
1133 1436 1245 1485 dixit,
1283 1438 1331 1475 ab

218 1488 366 1539 Appio,
386 1489 500 1527 fratre
521 1497 599 1537 tuo,
626 1491 846 1540 productus,
877 1497 914 1528 te
932 1490 1101 1539 omnino,
1122 1490 1225 1541 quod
1243 1502 1332 1529 con-

220 1548 279 1580 tra
307 1543 474 1593 auspicia
504 1543 704 1594 adoptatus
735 1557 844 1591 esses,
879 1544 1077 1581 tribunum
1103 1544 1225 1594 plebis
1255 1556 1332 1582 non

218 1595 345 1634 fuisse
376 1596 466 1633 Tua
490 1596 653 1657 denique
677 1598 799 1636 omnis
818 1597 914 1635 actio
939 1597 1206 1648 posterioribus
1223 1610 1332 1636 men-

218 1650 321 1687 sibus
340 1649 427 1697 fuit,
448 1650 589 1697 omnia,
611 1665 696 1701 quae
712 1651 756 1690 C.
778 1652 904 1690 Caesar
922 1650 1068 1701 egisset,
1085 1650 1188 1702 quod
1203 1659 1332 1690 contra

219 1703 387 1753 auspicia
406 1712 526 1741 essent
545 1711 640 1752 acta,
670 1719 737 1756 per
756 1712 930 1743 senatum
955 1704 1113 1742 rescindi
1132 1712 1328 1756 oportere:

219 1757 323 1808 quod
342 1757 373 1794 si
393 1757 510 1803 fieret,
532 1758 694 1806 dicebas,
711 1766 748 1796 te
763 1759 837 1796 tuis
855 1758 1025 1796 humeris
1044 1771 1120 1805 me,
1137 1758 1331 1797 custodem

217 1811 349 1857 Urbis,
370 1811 410 1847 in
430 1812 576 1849 Urbem
597 1813 817 1850 relaturum.
849 1811 988 1851 Videte
1014 1811 1179 1850 hominis
1198 1825 1330 1850 amen-

219 1863 327 1910 tiam,
354 1864 421 1902 ubi
440 1877 507 1914 per
526 1879 639 1903 suum
658 1866 895 1904 tribunatum
921 1865 1078 1903 Caesaris
1097 1865 1188 1904 actis
1205 1865 1330 1916 illiga-

218 1924 280 1955 tus
299 1924 498 1955 teneretur.
530 1919 570 1956 Si
591 1926 627 1956 et
658 1932 848 1958 sacrorum
871 1921 956 1969 jure
975 1919 1186 1970 pontifices,
1206 1926 1244 1957 et
1261 1932 1330 1957 au-

217 1971 422 2022 spiciorum
455 1972 632 2022 religione
659 1986 834 2023 augures,
866 1980 988 2010 totum
1008 1980 1180 2011 evertunt
1208 1972 1330 2010 tribu-

217 2034 351 2063 natum
372 2032 498 2070 tuum,
519 2026 612 2076 quid
631 2027 768 2076 quaeris
794 2027 959 2077 amplius
974 2026 992 2062 ’ἓ
1021 2038 1069 2064 an
1088 2026 1202 2065 etiam
1221 2038 1330 2078 aper-

217 2080 293 2117 tius
311 2078 466 2129 aliquod
481 2080 544 2127 jus
562 2080 696 2130 populi
714 2090 828 2131 atque
846 2080 1008 2130 legum?

269 2132 388 2170 XVI.
419 2132 529 2170 Hora
557 2133 712 2171 fortasse
738 2134 843 2171 sexta
866 2134 954 2180 diei,
987 2139 1142 2184 questus
1171 2145 1258 2171 sum
1286 2132 1328 2170 in

211 2186 370 2236 judicio,
390 2198 479 2224 cum
499 2186 543 2225 C.
564 2187 796 2235 Antonium,
830 2187 1013 2238 collegam
1031 2199 1176 2234 meum,
1203 2187 1333 2225 defen-
