1455 2343
233 104 307 144 196
363 105 441 146 DE
470 107 714 147 HARUSP.
743 106 1010 148 RESPONS.
1039 106 1143 147 CAP.
1163 105 1203 147 90'

276 212 353 251 IX.
383 213 472 264 Sed,
488 215 671 267 quoniam
688 228 774 255 mea
792 229 904 255 causa
921 214 1097 267 expedita
1115 221 1185 263 est,
1204 210 1339 252 videa-·

223 278 313 304 mus
331 279 447 316 nunc,
468 269 562 321 quid
580 270 795 321 haruspices
813 270 950 308 dicant.
979 269 1067 320 Ego
1085 268 1186 307 enim
1200 266 1336 314 fateor,

223 332 300 368 me,
322 328 358 359 et
376 323 639 374 magnitudine
657 324 807 372 ostenti,
828 331 865 362 et
882 323 1066 374 gravitate
1089 320 1270 373 responsi,
1297 327 1337 358 et

223 374 304 412 una
313 382 428 427 atque
442 377 627 415 constanti
637 378 884 429 haruspicum
896 389 997 425 voce,
1007 377 1247 415 vehementer
1258 386 1339 412 esse

224 436 472 467 commotum.
514 431 653 482 Neque
670 431 701 469 is
721 444 820 479 sum,
845 430 912 482 qui
939 431 987 474 (si
1012 430 1074 468 cui
1091 430 1187 468 forte
1206 427 1336 467 videor

223 481 324 532 plus,
345 496 464 534 quam
482 485 618 533 caeteri,
639 485 707 537 qui
726 498 847 536 aeque,
867 491 982 535 atque
1007 497 1090 535 ego,
1111 490 1200 522 sunt
1224 493 1337 520 occu-

224 535 317 585 pati,
339 537 478 575 versari
496 538 536 575 in
551 538 676 577 studio
692 539 905 585 literarum)
925 538 984 576 his
998 537 1158 576 delecter
1169 543 1236 575 aut
1248 542 1337 573 utar

224 588 381 628 omnino
405 591 536 639 literis,
568 605 655 643 quae
684 599 830 630 nostros
849 591 996 629 animos
1015 591 1203 629 deterrent
1221 596 1336 641 atque

225 650 383 681 avocant
396 657 419 682 a
431 645 622 695 religione.
651 646 738 697 Ego
753 658 840 684 vero
850 645 1020 696 primum
1031 644 1153 682 habeo
1166 649 1337 682 auctores

223 708 268 734 ac
281 696 479 748 magistros
493 699 721 750 religionum
735 699 978 738 colendarum
989 698 1152 747 majores
1165 705 1333 735 nostrosz

225 762 391 801 quorum
409 751 507 790 mihi
525 759 631 792 tanta
648 753 765 792 fuisse
789 751 974 804 sapientia
991 751 1154 800 videtur,
1173 757 1218 789 ut
1244 749 1337 788 satis

223 815 413 856 superque
423 805 628 857 prudentes
639 807 729 853 sint,
742 806 810 858 qui
823 807 978 845 illorum
989 804 1245 857 prudentiam,
1257 814 1337 842 non

223 855 349 896 dicam
361 859 524 911 assequi,
539 860 617 909 sed,
634 868 778 912 quanta
789 860 917 907 fuerit,
932 859 1152 911 perspicere,
1167 856 1334 910 possint3

225 910 293 961 qui
305 919 419 951 statas
433 913 696 966 sollennesque
707 913 939 954 caerimonias
955 912 1193 965 pontificatu,
1205 923 1334 950 rerum

225 964 321 1003 bene
338 966 591 1016 gerendarum
603 968 840 1007 auctoritates
858 967 1032 1019 augul'iO,
1047 966 1213 1005 fatorum
1231 971 1335 1004 vete-

221 1030 282 1056 res
309 1020 570 1070 praedictiones
592 1023 801 1073 Apollinis,
832 1030 965 1060 vatum
991 1020 1113 1067 libris,
1141 1025 1335 1072 portento-

222 1083 311 1110 rum
330 1073 613 1125 explanationes
643 1076 895 1115 Etruscorum
914 1074 1128 1127 disciplina,
1152 1071 1335 1112 contineri

221 1126 433 1176 putarunt:
463 1141 550 1180 quae
568 1129 723 1180 quidem
742 1137 848 1168 tanta
875 1136 945 1176 est,
967 1136 1022 1177 ut,
1042 1127 1167 1166 nostra
1187 1139 1336 1165 memo·

220 1178 292 1228 ria,
313 1181 484 1231 primum
504 1183 628 1221 Italici
647 1183 738 1222 belli
754 1183 906 1221 funesta
927 1182 996 1221 illa
1020 1181 1219 1234 principia,
1246 1186 1334 1232 post

220 1232 371 1272 Sullani
390 1235 631 1288 Cinnanique
648 1238 828 1289 temporis
843 1244 1057 1275 extremum
1076 1248 1185 1287 paene
1202 1234 1335 1272 discri-

219 1298 324 1335 men,
346 1295 430 1326 tum
449 1288 548 1328 hanc
561 1297 749 1329 recentem
758 1290 874 1330 Urbis
887 1289 1186 1337 inflammandae,
1202 1287 1331 1326 delen-

220 1339 337 1392 dique
350 1341 500 1393 imperii
511 1344 824 1395 conjurationem,
836 1356 914 1382 non
925 1345 1081 1383 obscure
1092 1342 1201 1382 nobis
1214 1341 1333 1394 paulo

218 1401 308 1432 ante
325 1395 582 1445 praedixerint.

274 1446 426 1487 Deinde
445 1450 560 1488 etiarn
579 1449 751 1503 cognovi,
770 1451 895 1490 multa
910 1450 1084 1490 homines
1097 1449 1333 1490 doctissimos

219 1501 589 1555 sapientissimosque
617 1512 655 1544 et
683 1503 835 1553 dixisse,
859 1512 896 1544 et
920 1505 1058 1557 scripta
1079 1505 1126 1544 de
1154 1505 1330 1544 Deorum

221 1554 497 1595 immortalium
516 1559 675 1597 numine
687 1558 901 1610 reliquisset
922 1572 1010 1610 quae
1023 1569 1260 1611 quamquam
1271 1556 1332 1594 di-

218 1608 361 1647 vinitus
375 1611 581 1663 perscripta
599 1613 721 1660 video,
741 1619 869 1651 tamen
888 1613 1077 1662 ejusmodi
1101 1619 1204 1659 sunt,
1223 1617 1269 1649 ut
1287 1623 1334 1648 ea

219 1663 381 1711 majores
409 1665 527 1703 nostri
548 1665 717 1704 docuisse
743 1665 843 1715 illos,
873 1678 950 1704 non
969 1668 1018 1705 ab
1036 1666 1112 1704 illis
1139 1664 1329 1712 didicisse,

219 1715 429 1755 videantur.
458 1717 616 1757 Etenim
634 1720 721 1771 quis
739 1727 795 1758 est
811 1727 892 1759 tam
905 1733 1045 1769 vecorS,
1057 1719 1126 1772 qui
1139 1727 1220 1768 aut,
1239 1729 1330 1759 cum

218 1770 432 1821 suspexerit
460 1771 500 1809 in
529 1773 681 1822 coelum,
712 1772 818 1812 Deos
844 1787 924 1812 esse
944 1785 1022 1812 non
1046 1773 1195 1821 sentiat,
1215 1778 1254 1810 et
1271 1782 1330 1819 ea,

216 1835 305 1873 quae
322 1823 427 1863 tanta
444 1833 572 1865 mente
589 1827 701 1875 fiunt,
721 1834 766 1864 ut
779 1826 844 1866 vix
858 1827 1064 1880 quisquam
1078 1833 1157 1865 arte
1170 1824 1253 1864 ulla
1269 1836 1332 1863 or-

216 1875 347 1915 dinem
362 1890 489 1917 rerum
507 1893 551 1918 ac
565 1880 879 1919 necessitudinem
896 1880 1071 1933 persequi
1087 1879 1218 1932 possit,
1238 1891 1327 1918 casu

216 1928 299 1967 fieri
315 1938 450 1982 putetg
482 1940 562 1981 aut,
583 1947 672 1972 cum
691 1934 796 1972 Deos
815 1947 894 1974 esse
910 1933 1152 1982 intellexerit,
1170 1944 1248 1972 non
1266 1931 1328 1970 in-

215 1982 377 2035 telligat,
407 1998 538 2024 eorum
565 1987 725 2027 numine
746 1988 817 2026 hoc
846 1996 997 2027 tantum
1021 1987 1227 2040 imperium
1248 1997 1328 2024 esse

217 2043 369 2086 natum,
395 2046 433 2077 et
461 2048 631 2088 auctum,
663 2049 700 2080 et
725 2049 915 2081 retentum
931 2045 950 2081 ἓ
978 2041 1110 2090 Quam
1133 2041 1326 2088 volumus,

216 2089 317 2139 licet,
336 2099 461 2142 patres
480 2094 691 2146 conscripti,
710 2094 783 2146 ipsi
797 2107 865 2134 nos
888 2107 1088 2141 amemus;
1116 2101 1244 2133 tamen
1258 2104 1328 2130 nec

214 2154 374 2183 numero
393 2145 601 2198 Hispanos,
622 2160 690 2186 nec
708 2150 841 2187 robore
860 2149 1007 2197 Gallos,
1027 2160 1097 2188 nec
1121 2147 1325 2186 calliditate

214 2195 365 2247 Poenos,
393 2211 462 2238 nec
484 2201 628 2240 artibus
651 2201 817 2250 Graeoos,
849 2214 917 2242 nec
944 2201 1110 2254 denique
1138 2201 1210 2241 hoc
1233 2201 1316 2252 ipso
