1425 2334
310 90 423 129 PRO
453 91 676 128 sEXTlO.
708 91 811 128 (ἶΑν.
835 92 897 127 32.
1080 87 1152 126 291

50 197 156 236 diani
173 197 368 247 attigisset,
396 209 637 248 quocumque
657 204 820 243 venerat,
848 195 950 246 quod
970 194 1158 244 judicium

54 262 218 300 cumque
242 250 421 298 subierat,
443 250 707 288 damnabatur.
748 249 1016 287 Inveniebatur
1035 260 1162 294 nemo,

54 303 121 354 qui
139 315 178 341 se
196 301 418 353 suffragium
437 303 484 341 de
508 315 570 340 me
590 303 719 341 tulisse
738 302 987 340 confiteretur.
1027 301 1166 338 Deces-

53 363 152 395 serat
164 368 211 394 ex
228 355 328 394 Asia
339 355 454 394 frater
473 369 580 394 meus
590 369 731 406 magno
752 355 938 407 squalore,
960 354 1024 392 sed
1043 353 1166 391 multo

55 409 171 447 etiam
188 410 331 459 majore
354 422 535 448 moerore:
566 410 655 448 huic
669 409 718 447 ad
736 410 884 448 Urbem
904 407 1067 446 venienti
1088 414 1165 445 tota

55 462 207 500 obviam
226 462 354 501 civitas
373 476 462 502 cum
481 464 657 515 lacrymis
676 463 898 514 gemituque
916 467 1166 512 processerat:

56 516 282 567 loquebatur
317 516 473 555 liberius
505 525 678 555 senatus:
723 516 994 555 concurrebant
1024 513 1167 564 equites

58 569 249 607 Romani:
281 569 370 608 Piso
388 570 466 618 ille,
486 583 600 621 gener
618 583 740 616 meus,
758 570 819 608 cui
836 569 1006 607 fructum
1021 565 1169 618 pietatis

58 635 137 660 suae
156 635 280 674 neque
292 635 339 661 ex
353 636 416 661 me
430 636 553 674 neque
564 637 587 661 a
597 624 739 675 populo
754 624 931 661 Romano
942 622 1038 659 ferre
1049 620 1169 663 licuit,

59 689 82 712 a
108 676 322 726 propinquo
350 689 418 715 suo
446 690 615 715 socerum
643 689 756 715 suum
784 676 1002 726 flagitabat:
1042 672 1171 711 omnia.

60 737 210 766 senatus
229 729 433 778 rejiciebat,
453 730 525 768 nisi
545 730 591 768 de
611 743 673 769 me
691 730 860 781 primum
879 728 1051 766 consules
1070 734 1171 764 retu-

65 782 209 820 lissent.

114 835 300 873 XXXII.
330 836 431 882 Quae
446 846 534 872 cum
550 848 607 873 res
618 836 700 885 jam
711 835 888 872 manibus
900 840 1087 872 teneretur
1101 846 1114 878 ;
1135 841 1171 870 et

58 901 147 926 cum
166 889 336 926 consules
358 888 637 939 provinciarum
664 887 840 940 pactione
860 887 1073 925 libertatem
1091 898 1166 924 om-

61 955 148 979 nem
166 941 430 992 perdidissent,
460 941 527 992 qui
549 954 652 989 cum,
679 942 719 978 in
743 949 890 988 senatu,
917 939 1110 990 privatim,
1132 946 1174 976 ut

58 995 108 1032 de
126 1008 188 1033 me
206 995 409 1033 sententias
422 995 599 1045 dicerent,
615 995 896 1045 flagitabantur,
917 994 1042 1044 legem
1061 991 1118 1029 illi
1137 1005 1176 1029 se

62 1048 236 1086 Clodiam
256 1048 388 1086 timere
405 1048 602 1087 dicebant:
633 1060 721 1086 cum
735 1047 815 1085 haec
830 1059 906 1084 non
926 1053 1076 1096 possent
1091 1046 1173 1094 jam

60 1101 204 1139 diutius
234 1101 429 1149 sustinere,
466 1101 584 1139 initur
617 1101 815 1140 consilium
846 1100 892 1138 de
925 1099 1079 1137 interitu
1102 1098 1174 1136 Cn.

64 1155 262 1206 Pompeii:
302 1167 378 1206 quo
404 1155 604 1206 patefacto,
633 1155 808 1205 ferroque
833 1153 1079 1204 deprehenso,
1108 1151 1174 1188 ine

63 1208 230 1246 inclusus
240 1207 359 1246 ‚domi
381 1207 528 1246 tamdiu
550 1208 637 1256 fuit,
664 1207 849 1259 quamdiu
872 1206 1048 1244 inimicus
1066 1217 1176 1242 meus

63 1262 103 1299 in
122 1261 330 1299 tribunatu.
359 1261 421 1300 De
438 1274 524 1299 meo
542 1262 665 1300 reditu
689 1269 770 1299 octo
790 1260 932 1298 tribuni
951 1258 1174 1310 promulga-

63 1321 164 1353 runt.
193 1314 259 1352 Ex
277 1327 353 1366 quo
377 1315 612 1353 intellectum
635 1322 704 1363 est,
731 1313 827 1351 mihi
851 1313 997 1351 absenti
1019 1311 1176 1349 crevisse

63 1368 218 1415 amicos,
251 1367 291 1405 in
325 1368 370 1406 ea
397 1368 605 1419 praesertim
632 1368 803 1415 fortuna,
829 1367 870 1404 in
898 1366 976 1417 qua
1002 1364 1178 1402 nonnulli

65 1421 192 1469 etiam,
213 1433 309 1472 quos
329 1434 406 1459 esse
425 1429 661 1472 putaveram,
688 1434 764 1459 non
784 1428 915 1465 erant;
945 1418 1010 1457 sed
1028 1431 1089 1456 eos
1107 1431 1174 1455 vo-

66 1475 253 1513 luntatem
283 1487 430 1526 semper
449 1475 637 1524 eamdem,
656 1475 868 1513 libertatem
893 1485 969 1510 non
992 1471 1179 1515 eamdem,

67 1540 229 1579 semper,
262 1527 458 1566 habuisse:
501 1541 606 1577 nam,
642 1542 688 1567 ex
716 1540 852 1566 novem
882 1525 1057 1573 tribunis,
1084 1537 1179 1575 quos

68 1588 161 1620 tunc
190 1581 412 1630 habueram,
433 1594 546 1630 unus,
569 1594 632 1620 me
650 1584 817 1628 absente,
838 1579 1010 1626 defluxit,
1032 1578 1099 1630 qui
1119 1590 1180 1615 oo-

70 1645 236 1684 gnomen
262 1634 334 1672 sibi
364 1648 412 1673 ex
438 1635 630 1673 AEliorum
659 1635 889 1686 imaginibus
913 1633 1086 1683 arripuit,
1106 1643 1182 1682 quo

72 1686 194 1737 magis
213 1687 374 1726 nationis
392 1689 474 1738 ejus
489 1701 580 1736 esse,
601 1702 718 1740 quam
737 1688 895 1739 generiS,
916 1686 1115 1725 videretur.

127 1739 215 1778 Hoc
242 1740 359 1791 igitur
379 1753 493 1790 anno,
513 1742 794 1792 magistratibus
823 1740 930 1778 novis
962 1737 1179 1789 designatis,

73 1806 161 1831 cum
181 1805 312 1831 omnes
335 1794 426 1832 boni
446 1807 598 1833 omnem
617 1808 723 1846 spem
741 1794 906 1832 melioris
925 1795 1042 1830 statiis
1061 1791 1101 1827 in
1120 1803 1182 1828 eo—

75 1859 162 1884 rum
181 1845 295 1885 fidem
314 1847 603 1894 convertissent3
624 1848 797 1899 princeps
817 1848 862 1885 P.
879 1845 1080 1892 Lentulus,
1094 1855 1182 1881 auc-

75 1899 224 1937 toritate
236 1912 279 1937 ac
297 1900 481 1938 sententia
499 1901 583 1950 sua,
598 1902 736 1939 Pisone
749 1912 786 1939 et
797 1900 961 1938 Gabinio
972 1908 1186 1948 repugnan-

76 1952 192 2000 tibus,
213 1965 365 1991 causam
383 1954 570 2005 suscepit3
601 1954 836 2005 tribunisque
850 1952 970 2004 plebis
993 1958 1075 1989 octo
1090 1949 1182 1987 refe-

76 2005 259 2054 rentibus,
288 2007 633 2056 praestantissimam
660 2009 707 2046 de
733 2021 796 2045 me
823 2004 1045 2044 sententiam
1072 2002 1181 2040 dixit.

76 2059 173 2108 Qui,
193 2071 281 2097 cum
300 2059 349 2097 ad
366 2060 525 2110 gloriam
551 2073 658 2099 suam
677 2070 791 2113 atque
809 2059 856 2097 ad
875 2056 1098 2108 amplissimi
1117 2057 1183 2093 be-

77 2111 201 2150 neficii
219 2112 380 2162 gratiam
399 2113 520 2164 magis
538 2114 720 2165 pertinere
740 2113 893 2159 videret,
907 2121 1058 2149 causam
1078 2108 1184 2146 illam

76 2164 263 2215 integram
283 2165 330 2204 ad
357 2178 468 2204 suum
492 2167 729 2206 consulatum
749 2164 939 2213 reservari,
962 2171 1087 2202 tamen
1107 2174 1186 2201 rem
