1455 2343
222 104 300 140 263
492 106 605 146 PRO
635 107 858 147 SEXTIO.
890 109 994 148 ΕΑΓ.
1025 109 1061 148 8.

278 211 376 249 vn.
407 211 547 252 Fuerat
572 216 636 254 ille
655 229 777 255 annus
795 217 833 254 in
854 215 1071 268 reipublicae
1090 227 1230 266 magno
1248 227 1331 254 mo-

222 271 279 312 tu,
309 273 345 303 et
362 266 572 306 multorum
592 270 739 318 timore,
760 279 957 321 tamquam
977 270 1144 308 intentus
1164 282 1270 308 arcus
1289 269 1329 307 in

220 330 284 356 me
314 332 451 368 unum,
485 321 580 361 sicut
610 325 724 374 vulgo
747 324 869 375 ignari
897 337 1023 362 rerum
1048 324 1329 375 loquebantu13

219 384 260 409 re
278 373 432 424 quidem
453 377 542 414 vera
570 377 610 415 in
630 379 845 416 universam
868 377 1159 429 rempublicam,
1178 377 1332 415 traduc-

219 425 320 465 tione
339 427 387 465 ad
416 429 567 479 plebem
587 432 786 469 furibundi
803 431 968 469 hominis
993 444 1036 469 ac
1064 431 1214 482 perditi,
1235 429 1332 468 mihi

217 479 317 526 irati,
350 481 415 519 sed
440 484 564 522 multo
589 486 711 523 acrius
737 485 804 523 otii
830 493 867 523 et
888 485 1105 523 communis
1123 485 1254 523 salutis
1272 484 1334 521 in-

216 533 333 572 imici.
365 535 482 574 Hunc
502 538 559 575 vir
578 539 822 584 clarissimus,
836 539 1024 590 mihique,
1043 538 1176 577 multis
1190 551 1330 589 repug-

216 588 411 635 nantibus,
425 591 692 639 amicissimus,
705 593 778 631 Cn.
793 592 1013 643 Pompeius,
1027 592 1131 630 omni
1143 592 1329 638 cautione,

216 640 367 689 foedere,
389 646 655 693 exsecratione,
686 646 920 691 devinxerat,
941 645 1038 683 nihil
1066 645 1106 683 in
1132 646 1327 683 tribunatu

217 703 346 733 contra
364 709 426 734 me
456 711 534 736 esse
563 699 768 738 facturum.
797 700 857 737 At
877 699 943 738 ille
967 699 1147 747 nefarius,
1179 711 1227 737 ex
1246 712 1329 736 om-

213 748 324 786 nium
357 751 541 789 scelerum
573 753 785 792 colluvione
813 760 940 801 natus,
971 766 1108 804 parum
1141 766 1179 791 se
1207 752 1330 791 foedus

215 802 448 842 violaturum
469 813 524 844 est
538 807 756 856 arbitratus,
773 807 846 845 nisi
859 807 987 859 ipsum
1006 814 1197 845 cautorem
1216 806 1329 844 alieni

212 856 371 906 periculi
405 859 482 897 suis
511 861 672 912 propriis
696 860 874 912 periculis
899 861 1101 899 terruisset.
1133 860 1247 898 Hane
1272 867 1328 897 te-

214 917 314 948 tram
333 911 619 965 immanemque
644 916 824 963 belluam,
843 915 1019 953 <vinctam
1031 914 1222 966 auspiciis,
1238 913 1323 951 alli-

211 973 340 1013 gatam
360 978 465 1004 more
479 969 684 1017 majorum,
701 969 938 1007 constrictam
951 969 1082 1020 legum
1094 976 1323 1007 sacratarum

211 1018 365 1066 catenis,
381 1020 491 1059 solvit
503 1022 627 1060 subito
642 1021 813 1074 [legum]
834 1023 979 1071 consul,
995 1023 1070 1071 vel,
1083 1029 1128 1060 ut
1139 1035 1208 1073 ego
1219 1021 1321 1060 arbi-

209 1079 301 1119 tror,
323 1084 512 1122 exoratus,
536 1077 609 1123 vel,
631 1084 674 1114 ut
691 1089 767 1114 non
790 1089 904 1114 nemo
922 1083 1046 1127 putat,
1069 1075 1168 1114 mihi
1185 1075 1318 1124 iratus,

210 1125 366 1175 ignarus
399 1128 556 1179 quidem
586 1138 684 1169 certe
711 1138 746 1168 et
772 1130 996 1182 imprudens
1017 1129 1320 1181 impendentium

207 1188 403 1218 tantorum
422 1183 605 1222 scelerum
625 1197 667 1222 ac
684 1185 875 1222 malorum
893 1199 903 1222 ι
932 1184 1013 1235 qui,
1034 1185 1210 1222 tribunus
1238 1183 1318 1235 ple-

209 1233 281 1280 bis,
302 1233 395 1271 felix
414 1235 453 1272 in
474 1238 674 1276 evertenda
693 1238 889 1289 republica
913 1237 987 1275 fuit
1004 1237 1121 1275 nullis
1140 1237 1218 1275 suis
1235 1249 1320 1274 ner-

208 1286 288 1324 vis:
320 1289 387 1338 qui
407 1290 509 1327 enim
528 1291 566 1329 in
595 1292 782 1340 ejusmodi
800 1290 877 1329 vita
895 1291 1000 1328 nervi
1019 1304 1098 1328 esse
1116 1298 1322 1342 potuerunt

209 1339 387 1388 hominis,
408 1343 582 1382 fraternis
609 1345 778 1395 flagitiis,
799 1345 945 1383 sororiis
964 1344 1117 1395 stupris,
1138 1343 1244 1383 omni
1262 1344 1320 1381 in·-

208 1393 338 1432 audita
355 1395 526 1445 libidine,
547 1398 731 1436 infamis?

262 1449 337 1486 Sed
355 1448 429 1486 fuit
451 1451 617 1501 profecto
636 1452 813 1503 quaedam
832 1452 899 1489 illa
923 1451 1139 1504 reipublicae
1166 1451 1318 1491 fortuna

207 1501 350 1551 fatalis,
377 1510 420 1541 ut
453 1505 518 1542 ille
549 1518 667 1543 caecus
700 1514 815 1558 atque
840 1518 971 1544 amens
996 1506 1171 1544 tribunus
1199 1506 1322 1557 plebis

207 1556 496 1605 nancisceretur,
528 1559 621 1610 quid
654 1559 776 1598 dicam
794 1562 812 1598 Ρ
853 1560 1023 1598 consules
1037 1562 1055 1598 ,⁹
1093 1559 1248 1598 hoccine
1278 1570 1321 1599 ut

207 1621 277 1659 ego
306 1611 495 1661 appellem
518 1613 672 1651 nomine
702 1626 887 1652 eversores
912 1613 1031 1662 hujus
1051 1613 1216 1664 imperii,
1235 1627 1323 1665 pro-

206 1663 345 1702 ditores
364 1674 496 1703 vestrae
525 1666 734 1717 dignitatiS,
755 1667 880 1705 hostes
904 1668 1092 1705 bonorum
1111 1667 1286 1706 omnium
1303 1669 1322 1706 ‚⁹

207 1716 290 1768 qui,
317 1718 366 1755 ad
385 1718 591 1758 delendum
617 1727 806 1769 senatum,
830 1720 1080 1771 affligendum
1109 1729 1321 1773 equestrem

206 1770 394 1821 ordinem,
426 1774 701 1825 exstinguenda
725 1775 853 1813 omnia
881 1776 971 1824 jura
1003 1782 1118 1825 atque
1148 1774 1322 1813 instituta

205 1825 412 1873 majorum,
433 1840 472 1864 se
490 1827 565 1866 illis
586 1828 750 1866 fascibus
762 1828 980 1880 caeterisque
993 1828 1207 1879 insignibus
1217 1841 1321 1867 sum-

202 1877 261 1915 mi
290 1878 442 1918 honoris
471 1888 587 1932 atque
615 1882 767 1932 imperii
793 1889 944 1920 ornatos
974 1894 1053 1920 esse
1085 1881 1323 1920 arbitraban-

205 1934 299 1970 tur?
330 1932 508 1981 Quorum
542 1939 626 1986 (per
656 1936 759 1974 Deos
782 1936 1016 1973 immortales
1032 1935 1062 1983 !)
1091 1936 1124 1973 si
1149 1935 1321 1974 nondum

203 1986 355 2034 scelera,
389 1988 621 2040 vulneraque
645 1990 773 2028 inusta
797 1989 1028 2040 reipublicae,
1055 1989 1173 2027 vultis
1202 2001 1322 2028 recor-

207 2039 304 2087 dari,
327 2041 477 2079 vultum
496 2050 610 2094 atque
625 2044 813 2081 incessum
828 2042 966 2081 animis
977 2042 1217 2080 intueamini.
1247 2043 1323 2082 Fa-

206 2092 315 2131 cilius
333 2095 434 2133 facta
451 2108 581 2134 eorum
601 2104 796 2134 occurrent
814 2096 1007 2135 mentibus
1026 2096 1173 2145 vestris,
1194 2096 1226 2135 si
1254 2109 1319 2135 ora

200 2146 284 2197 ipsa
302 2147 420 2187 oculis
437 2150 719 2201 proposuciitis.

254 2199 339 2239 VII
345 2201 375 2239 Ι.
393 2202 519 2251 Alter,
528 2205 731 2256 unguentis
740 2204 913 2252 affluens,
923 2203 1175 2243 calamistrata
1189 2203 1311 2251 coma,
