1455 2343
240 63 316 101 136
444 64 557 104 PRO
586 65 758 106 DOMO
786 66 906 106 SUA.
937 65 1043 105 CAP.
1075 67 1138 105 10.

233 170 438 218 teterrimo,
458 172 730 222 crudelissimo,
757 174 1011 219 fallacissimo,
1031 173 1206 212 omnium
1232 171 1346 210 scele-

233 237 321 261 rum
350 225 630 288 libidinumque
655 228 813 266 maculis
840 228 1089 273 notatissimo,
1121 227 1169 264 L.
1198 225 1343 274 Pisoni,

234 290 360 315 nonne
393 280 618 318 nominatim
648 282 808 332 populos
837 282 987 326 liberos,
1012 280 1144 318 multis
1174 282 1346 318 senatus-

235 332 428 391 consultis,
449 334 562 371 etiam
592 336 731 372 recenti
749 335 873 385 legeD
850 335 977 372 «reneri
1001 334 1134 385 ipsius,
1154 334 1344 380 liberatos,

234 384 378 423 vinctos
399 394 435 424 et
454 389 668 426 constrictos
689 389 909 426 tradidisti?
941 388 1095 448 Nonne,
1116 400 1204 425 cum
1235 388 1282 425 ab
1301 399 1346 424 eo

234 450 375 477 merces
393 441 450 477 tui
470 442 654 489 beneficii,
671 442 911 493 pretiumque
925 441 1140 492 provinciae,
1156 453 1242 478 meo
1260 452 1347 477 san-

234 492 350 541 guine
369 493 438 531 tibi
458 503 551 533 esset
569 496 819 546 persolutum,
844 503 972 533 tamen
995 495 1170 532 aerarium
1196 507 1283 532 cum
1302 505 1346 531 eo

236 546 398 596 partitus
418 560 481 586 es.
473 550 489 575 ⁹

290 599 399 637 Itane
429 614 515 639 vero
531 601 549 638 ἲ
588 609 631 639 tu
662 602 872 653 provincias
904 602 1130 645 consulares,
1168 614 1263 652 quas
1299 599 1346 638 C.

237 652 430 691 Gracchus
451 655 536 705 (qui
551 668 650 693 unus
669 656 837 693 maxime
856 655 1048 706 popularis
1066 654 1156 700 fuit)
1175 667 1252 692 non
1263 666 1347 691 mo-

234 706 283 743 do
301 718 377 743 non
396 708 553 745 abstulit
571 711 619 746 ab
640 717 785 756 senatu,
803 709 868 747 sed
887 709 1015 756 etiam,
1032 716 1076 746 ut
1093 720 1239 746 necesse
1254 714 1348 745 esset

234 760 437 809 quotannis
457 762 634 799 constitui
648 776 717 813 per
733 770 920 809 senatum,
935 762 1083 800 decreta„
1100 762 1182 811 lege
1194 761 1318 799 sanxit
1332 774 1345 806 ς

232 825 307 859 eas,
320 814 403 864 lege
418 815 642 866 Sempronia
657 829 723 866 per
742 824 915 853 senatum
934 816 1112 861 decretas,
1128 814 1309 853 rescidisti
1326 816 1344 853 1³

233 874 340 904 extra
371 868 557 914 ordinem,
587 870 666 907 sine
693 881 804 917 sorte,
837 869 1061 907 nominatim
1091 868 1239 916 dedisti,
1271 880 1347 905 non

232 921 463 968 consulibus,
486 923 551 960 sed
570 923 787 973 reipublicae
805 923 975 973 pestibus
991 925 1008 961 Ρ
1039 922 1136 968 Nos,
1157 922 1260 973 quod
1278 934 1348 959 no-

231 973 409 1012 minatim
441 976 495 1013 rei
526 977 719 1024 maximae,
746 989 854 1027 paene
880 977 963 1025 jam
992 975 1210 1026 desperatae,
1241 988 1347 1013 sum-

232 1038 342 1064 mum
362 1028 501 1077 virum,
523 1042 622 1080 saepe
641 1029 689 1067 ad
708 1037 877 1067 extrema
895 1029 1112 1080 reipublicae
1130 1028 1348 1067 discrimina

233 1079 436 1129 delectum,
457 1083 709 1133 praefecimus,
730 1096 753 1120 a
771 1091 808 1121 te
827 1083 1173 1134 reprehendemur?

288 1134 344 1171 X.
374 1135 482 1182 Quid
512 1137 667 1174 tandem
681 1137 698 1172 ?
727 1136 771 1183 si,
803 1150 889 1187 quae
918 1144 1002 1174 tum
1027 1136 1102 1174 illis
1126 1135 1344 1186 reipublicae

234 1188 411 1235 tenebris,
444 1190 625 1240 caecisque
649 1190 815 1228 nubibus
842 1197 878 1227 et
902 1189 1087 1241 procellis,
1115 1192 1220 1232 (cum
1239 1202 1347 1227 sena-

233 1247 318 1277 tum
338 1254 361 1278 a
379 1243 643 1292 gubernaculis
673 1243 880 1292 dejecisses,
903 1243 1090 1294 populum
1121 1255 1141 1280 e
1164 1242 1253 1280 navi
1279 1256 1346 1280 ex-

230 1294 444 1341 turbasses;
474 1296 553 1347 ipse
588 1296 826 1347 archipirata,
857 1310 945 1334 cum
977 1309 1089 1347 grege
1120 1296 1345 1347 praedonum

230 1346 505 1397 impurissimo,
538 1350 765 1400 plenissimis
802 1350 894 1388 velis
930 1350 1143 1400 navigares)
1177 1349 1222 1403 51,
1257 1363 1345 1400 quae

230 1407 314 1438 tum
334 1403 596 1454 promulgasti,
618 1403 858 1464 constituisti,
887 1403 1106 1454 promisisti,
1126 1395 1342 1450 vendidisti,

230 1454 393 1504 perferre
412 1457 594 1506 potuisses
611 1471 622 1501 ;
649 1457 716 1508 qui
729 1457 858 1495 locus'
847 1470 889 1494 111
901 1459 990 1494 orbe
1004 1465 1189 1494 terrarum
1203 1469 1345 1495 vacuus

232 1509 537 1548 extraordinariis
557 1510 720 1548 fascibus
739 1518 852 1561 atque
871 1510 1031 1561 imperio
1050 1510 1235 1548 Clodiano
1253 1510 1348 1547 fuis-

232 1568 313 1600 set.
305 1564 321 1589 9
351 1562 425 1600 Sed
445 1564 628 1601 excitatus
647 1564 852 1615 aliquando
872 1565 944 1603 Cn.
979 1563 1154 1614 Ρο111Ρ811
1186 1563 1342 1609 (dicam,

229 1613 311 1665 ipso
341 1616 531 1664 audiente,
562 1617 664 1668 quod
690 1618 802 1678 sensi,
823 1626 860 1656 et
882 1617 1014 1665 sentio,
1034 1630 1189 1668 quoquo
1215 1617 1344 1655 animo

229 1679 291 1705 me
316 1669 514 1708 auditurus
534 1678 604 1717 est)
625 1671 822 1717 excitatus,
849 1671 1024 1722 inquam,
1044 1671 1199 1721 aliquan
1201 1670 1250 1708 do
1269 1670 1343 1708 Cn.

229 1721 418 1773 Pompeii,
440 1724 605 1762 nimium
630 1724 697 1761 diu
725 1725 939 1762 reconditus
970 1732 1006 1762 et
1025 1724 1176 1775 penitus
1195 1725 1344 1762 abstru-

228 1788 305 1822 sus,
327 1776 445 1814 animi
464 1777 571 1815 dolor
590 1778 765 1815 subvenit
795 1779 920 1816 subito
940 1778 1182 1828 reipublicae3
1212 1777 1344 1815 civita-

227 1835 395 1879 temque,
424 1830 581 1868 fractam
606 1832 730 1877 malis,
754 1840 919 1879 mutam,
947 1831 1198 1878 debilitatam,
1218 1832 1343 1879 abjec-

226 1888 307 1918 tam
337 1890 457 1930 metu,
490 1884 538 1922 ad
568 1885 736 1934 aliquam
767 1898 873 1936 spem
902 1885 996 1923 liber
998 1885 1084 1922 tatis
1109 1892 1146 1922 et
1174 1884 1343 1935 pristinae

229 1934 423 1995 dignitatis
442 1938 571 1976 erexit.
603 1938 680 1976 Hic
700 1939 756 1976 vir
782 1947 889 1976 extra
908 1938 1079 1976 ordinem
1099 1938 1153 1976 rei
1170 1938 1343 1976 frumen-

226 1989 332 2026 tariae
345 1990 604 2040 praeficiendus
617 2004 692 2029 non
705 1992 812 2030 fuit?
830 1992 980 2030 Scilicet
994 1999 1035 2029 tu
1048 1991 1219 2030 helluoni
1233 2004 1343 2042 spur-

226 2041 409 2090 cissimo,
429 2045 692 2096 praegustatori
738 2045 944 2083 libidinum
985 2053 1156 2092 tuarum,
1193 2045 1344 2082 homini

226 2096 465 2145 egentissimo
485 2108 522 2136 et
540 2098 867 2163 facinerosissimo,
884 2100 972 2137 Sex.
993 2098 1144 2145 Clodio,
1164 2098 1264 2136 socio
1282 2098 1341 2136 tui

224 2150 432 2200 sanguinis,
455 2152 539 2203 (qui
560 2165 627 2190 sua
655 2151 788 2203 lingua
807 2152 922 2191 etiam
942 2165 1108 2190 sororem
1127 2159 1234 2189 tuam
1262 2165 1286 2189 a
1306 2159 1343 2189 te

226 2203 470 2252 abalienavit)
490 2218 603 2244 omne
617 2206 854 2245 frumentum
868 2206 1062 2258 privatum
1078 2212 1115 2245 et
1129 2205 1344 2257 publicum,
