1455 2343
207 63 285 101 224
450 63 564 104 PRO
594 63 863 103 PLANCIO.
893 63 998 103 cip.
1027 64 1066 109 7.

196 171 249 209 sic
267 170 514 210 effervescunt
526 171 695 224 quodam
712 171 823 223 quasi
836 168 946 219 aestu,
965 179 1011 210 ut
1025 171 1077 209 ad
1093 171 1187 210 alios
1205 185 1310 212 acce-

196 224 303 271 dant,
323 227 372 264 ab
397 225 480 264 aliis
507 232 636 265 autem
663 225 862 271 recedant:
891 225 932 263 in
951 232 1057 264 tants>
1075 237 1144 263 nos
1160 226 1308 278 impetu

197 278 411 318 studiorum
430 286 467 317 et
492 287 602 318 motu
627 280 861 326 temeritatis,
880 278 1041 317 modum
1059 278 1242 331 aliquem,
1271 286 1310 319 et

198 332 412 381 consilium,
429 340 466 371 et
483 334 683 382 rationem,
703 333 970 385 requiremus?

251 385 385 434 Quare
398 387 477 425 noli
494 400 558 426 me
576 388 625 426 ad
643 387 921 426 contentionem
941 393 1102 425 vestram
1122 399 1308 436 revocare,

196 439 424 479 Laterensis.
454 441 627 489 Etenim,
644 441 677 480 si
694 441 836 493 populo
855 448 963 491 grata
981 448 1037 479 est
1054 441 1209 488 tabella,
1220 454 1310 493 quae

196 493 339 532 fmntes
356 495 477 546 aperit
495 495 712 543 hominum,
732 501 878 532 mentes
906 494 1023 545 tegit,
1013 507 1024 517 ·
1053 493 1196 546 datque
1224 507 1309 534 eam

196 547 424 596 libertatem,
434 555 492 596 ut
505 549 609 600 quod
618 549 748 594 velint,
759 548 919 593 faciant3
933 547 1157 599 promittant
1165 557 1309 597 autem,

195 601 300 652 quod
315 609 512 652 rogentur.
529 616 597 641 cur
607 610 662 650 tu,
674 601 754 652 [id
745 614 784 640 m
799 576 942 650 judicio
948 609 993 639 ut
1001 601 1103 653 fiat,]
1113 602 1309 652 exprimis,

196 655 300 706 quod
318 668 395 693 non
409 655 481 693 fit
469 669 511 694 m
524 657 706 707 Campo?
736 658 764 678 “
785 656 877 703 Hic,
890 667 1008 706 quam
1022 655 1100 704 ille,
1117 655 1310 706 dignior,”

195 721 383 760 perquam
407 723 521 760 grave
540 718 594 748 est
612 711 728 748 dictu.
759 708 965 758 Quomodo
982 709 1100 759 igitur
1118 716 1173 747 est
1191 710 1310 760 aequi-

196 775 266 801 us.
257 765 275 790 ‘³
304 763 367 801 Sic
391 763 527 810 cred03
559 764 664 815 quod
682 763 821 815 agitur,
843 762 947 815 quod
972 762 1064 801 satis
1093 770 1148 801 est
1162 763 1308 812 judici·

197 816 276 854 Hic
295 816 416 855 factus
438 825 509 855 est.
539 818 620 857 Cur
636 818 707 856 iste
725 817 866 869 potius,
887 829 1005 868 quam
1024 817 1121 867 ego?
1150 817 1227 855 Vel
1245 829 1313 856 ne-

195 869 285 917 scio,
293 871 353 908 vel
362 883 437 909 non
448 871 547 919 dico,
556 872 616 910 vel
626 871 805 923 denique,
819 871 923 923 quod
933 869 1031 908 mihi
1044 869 1312 922 gravissimum

195 931 292 962 esset
315 924 368 962 sic
384 924 522 973 dicere,
542 925 638 964 sed
627 938 786 977 lmpune
808 933 938 963 tamen
966 924 1143 963 deberem
1161 924 1309 963 dicere·
1296 953 1309 971 ‚

197 977 290 1015 Non
309 986 420 1017 recte.
450 979 558 1017 Nam
576 980 670 1031 quid
688 992 917 1031 assequerer,
933 978 965 1016 si
978 977 1047 1016 illa
1058 978 1230 1016 extrema
1246 978 1314 1017 de-

195 1030 364 1070 fensione
375 1040 513 1081 uterer,
528 1033 738 1085 Populum,
754 1032 859 1085 quod
873 1032 1065 1081 voluisset,
1078 1031 1223 1080 fecisse,
1233 1044 1314 1071 non

197 1085 301 1137 quod
320 1085 540 1126 debuisset?

252 1139 352 1177 VII.
379 1140 523 1188 Quid?
553 1140 585 1178 si
609 1141 744 1193 populi
772 1154 927 1193 quoque
955 1140 1101 1179 factum
1134 1139 1312 1189 defendo,

195 1192 425 1241 Laterensis,
444 1202 484 1232 et
500 1194 631 1243 doceo,
666 1195 738 1234 On.
767 1195 969 1233 Plancium
997 1206 1074 1233 non
1100 1194 1312 1245 obrepsisse

194 1247 244 1284 ad
261 1246 458 1295 honorem,
479 1248 544 1286 sed
563 1261 607 1286 eo
625 1249 770 1288 venisse
787 1262 914 1296 cursu,
929 1248 999 1300 qui
1012 1260 1161 1300 semper
1177 1255 1312 1298 patue-

193 1300 243 1338 rit
267 1300 487 1339 hominibus
515 1301 588 1340 hoc
616 1309 744 1341 nostro
771 1303 936 1354 equestri
965 1303 1073 1346 Ioco,
1102 1313 1310 1353 possumne

193 1354 336 1405 eripere
349 1355 509 1393 orationi
527 1361 604 1393 tuae
616 1356 895 1395 contentionem
908 1364 1086 1402 vestram,
1104 1369 1194 1407 quae
1212 1363 1310 1394 trac-

191 1407 265 1445 tari
282 1407 362 1446 sine
381 1408 611 1447 consumens
628 1421 707 1447 non
725 1417 861 1460 potest,
881 1417 919 1448 et
938 1418 974 1448 te
999 1409 1048 1447 ad
1067 1422 1220 1447 causam
1239 1409 1311 1447 ali-

192 1460 347 1512 quando
372 1462 594 1514 crimenque
622 1463 834 1501 deducere?
863 1464 919 1510 Si,
947 1463 1052 1515 quod
1069 1463 1207 1514 equitis
1227 1463 1310 1500 Ro-

191 1515 298 1552 mani
323 1515 427 1553 filius
453 1524 523 1563 est,
554 1516 708 1555 inferior
734 1530 814 1555 esse
832 1517 990 1562 debuit,
980 1530 990 1540 ·
1020 1529 1152 1555 omnes
1181 1524 1309 1555 tecum

191 1569 366 1620 equitum
403 1569 669 1608 Romanorum
701 1570 770 1608 filii
801 1571 1028 1622 petiverunt.
1078 1571 1190 1609 Nihil
1219 1570 1308 1609 dico

194 1622 383 1673 amplius:
414 1622 486 1662 hoc
504 1631 633 1662 tamen
657 1624 788 1671 miror,
809 1638 876 1663 cur
891 1631 937 1662 tu
955 1624 1047 1662 huic
1064 1624 1308 1676 potissimum

191 1674 364 1723 haseare,
400 1677 472 1728 qui
499 1677 717 1739 longissime
747 1692 770 1716 a
792 1685 829 1716 te
855 1678 991 1716 abfuit.
1032 1678 1242 1730 Equidem,
1273 1678 1307 1716 si

192 1730 346 1780 quando
363 1732 422 1772 (ut
440 1730 500 1776 fit)
517 1732 638 1780 jactor
654 1731 695 1769 in
713 1732 840 1779 turba,
855 1744 932 1770 non
946 1732 1059 1770 illurn
1077 1744 1306 1784 aceuso,qu1

193 1790 249 1821 est
264 1784 306 1821 in
318 1797 474 1822 summa
493 1785 608 1823 Sacra
627 1785 719 1833 Via,
738 1798 829 1824 cum
847 1798 917 1837 ego
935 1785 984 1823 ad
1003 1786 1169 1824 Fabi-um
1187 1786 1306 1826 forni-

192 1849 276 1875 cem
300 1838 501 1889 impellor3
532 1839 597 1877 sed
625 1851 729 1886 eum,
756 1839 824 1891 qui
853 1840 894 1877 in
921 1852 984 1877 me
1002 1840 1130 1891 ipsum
1148 1839 1308 1878 incurrit

193 1899 308 1943 atque
323 1891 467 1930 incidit.
496 1892 562 1930 Tu
579 1906 702 1943 neque
713 1893 765 1941 Q.
787 1893 920 1940 Pedio,
941 1893 1029 1931 forti
1046 1893 1139 1941 viro,
1152 1905 1306 1932 succen-

192 1958 262 1992 ses,
278 1957 403 1997 neque
419 1945 509 1983 huic
526 1947 579 1984 A.
597 1947 736 1994 Plotio,
756 1947 994 1985 ornatissimo
1011 1947 1173 2008 homini,
1192 1947 1306 1984 fami-

191 1998 276 2037 liari
294 2011 406 2037 meo·
437 2007 475 2037 et
500 2002 548 2038 ab
567 2013 625 2061 eo,
647 2001 714 2052 qui
737 2000 806 2038 hos
824 2000 998 2048 dimovit,
1018 2001 1160 2054 potius,
1185 2013 1304 2052 quam

193 2054 242 2090 ab
271 2053 318 2091 iis
340 2053 408 2105 qui
438 2053 479 2091 in
503 2061 542 2092 te
572 2054 701 2106 ipsum
730 2055 1000 2103 incubuerunt,
1034 2062 1072 2093 te
1101 2054 1305 2106 depulsum

192 2113 318 2157 putas.

244 2160 319 2198 Sed
339 2167 465 2200 tamen
484 2160 565 2200 haee
584 2161 653 2200 tibi
671 2169 725 2201 est
739 2163 863 2213 plima
877 2175 967 2203 cum
983 2162 1139 2202 Plancio
1157 2162 1306 2214 generis
