1435 2328
182 73 235 109 46
472 72 585 111 PRO
613 72 812 110 SULLA.
843 73 949 111 CAP.
969 75 1007 111 3.

179 179 336 227 caeteris,
357 192 452 231 quos
471 180 598 218 adesse
615 178 705 218 huic
724 179 851 219 vides:
871 180 1072 231 intelligas,
1087 188 1124 219 et
1141 180 1188 219 de
1207 180 1292 228 lioc,

181 240 219 271 et
243 233 290 271 de
312 233 468 281 caeteris,
495 234 683 283 judicium
705 247 837 272 meum
864 242 900 272 et
922 235 1060 272 horum
1086 248 1155 286 par
1179 241 1295 285 atque

182 299 305 324 unum
317 286 443 325 fuisse.
475 287 556 335 Qui
574 291 742 326 nostrum
760 288 869 326 affuit
877 288 1140 339 Vargunteio?
1159 300 1294 326 nemo:

180 352 228 377 ne
252 340 315 379 hic
340 341 495 392 quidem
524 342 575 388 Q.
598 342 839 389 Hortensius,
859 342 1067 393 praesertim
1090 342 1159 393 qui
1183 342 1296 380 illum

181 395 283 432 solus
298 401 408 432 antea
426 395 473 433 de
492 395 639 433 ambitu
657 395 894 434 defendisset.
925 396 1017 434 Non
1037 396 1139 434 enim
1155 397 1238 446 jam
1257 407 1297 433 se

181 448 263 485 ullo
292 448 413 486 officio
439 462 527 486 cum
555 450 621 487 illo
644 450 890 498 conjunctum
916 450 1182 497 arbitrabatur,
1207 461 1295 487 cum

179 500 260 549 ille,
276 509 381 540 tanto
394 503 529 540 scelere
543 503 756 550 commisso,
771 504 945 541 omnium
957 503 1168 542 officiorum
1183 503 1299 541 socie-

181 561 298 592 tatem
315 556 536 594 diremisset.
567 556 667 604 Quis
681 560 851 595 nostrum
867 558 945 595 Ser.
963 557 1127 605 Sullam,
1149 557 1234 608 quis
1247 556 1294 594 P.

181 608 411 656 Lentulum,
432 610 517 661 quis
537 610 598 648 M.
616 611 784 657 Laecam,
806 610 891 661 quis
911 611 1146 659 Cornelium,
1167 610 1298 648 defen-

180 662 351 700 dendum
363 664 537 714 putavit?
561 664 647 715 quis
657 664 716 702 his
730 664 869 702 horum
883 664 992 702 affuit
1002 667 1020 703 ?
1034 677 1159 702 nemo.
1189 663 1298 712 Quid

180 715 258 753 ita?
288 717 391 767 quia,
409 718 550 756 caeteris
568 718 608 755 in
624 718 757 765 causis,
772 718 887 756 etiam
905 726 1094 766 nocentes,
1108 718 1179 757 viri
1193 717 1296 766 boni,

180 769 212 807 si
224 770 419 808 necessarii
432 778 535 820 sunt,
548 784 626 809 non
638 772 890 809 defendendos
902 784 981 810 esse
992 784 1069 810 non
1079 778 1218 823 putant
1231 785 1241 808 z
1259 771 1300 809 in

180 823 253 861 hoc
264 824 434 871 crimine,
443 836 519 862 non
532 826 656 863 solum
667 825 830 864 levitatis
842 833 896 863 est
908 826 1034 876 culpa,
1043 838 1177 864 verum
1185 825 1300 863 etiam

182 877 360 927 quaedam
375 879 548 929 contagio
568 879 727 926 sceleris,
749 879 780 917 si
798 878 976 917 defendas
989 892 1091 927 eum,
1106 892 1222 930 quem
1233 880 1301 917 ob-

181 931 356 969 strictum
369 944 446 970 esse
464 932 597 983 patriae
611 933 811 983 parricidio
823 933 1020 984 suspicere.
1052 933 1160 980 Quid
1173 935 1191 971 ?
1211 933 1299 970 Au—

179 984 302 1022 tronio
316 997 442 1023 nonne
454 986 696 1035 sodales,non
709 987 861 1037 collegae
875 986 947 1035 sui,
961 999 1038 1024 non
1046 994 1188 1025 veteres
1202 986 1299 1024 ami-

179 1037 227 1084 ci,
245 1051 409 1089 quorum
428 1039 493 1077 ille
509 1040 616 1091 copia
628 1040 822 1091 quondam
835 1040 1061 1087 abundarat,
1077 1053 1153 1079 non
1165 1040 1207 1078 hi
1218 1052 1301 1078 om-

180 1103 260 1140 nes,
283 1093 351 1143 qui
370 1100 459 1131 sunt
477 1093 517 1130 in
532 1094 726 1144 republica
744 1094 946 1145 principes,
966 1093 1168 1132 defuerunt
1181 1097 1198 1132 ’ἓ
1224 1093 1299 1131 im-

178 1156 244 1182 mo
262 1146 377 1183 etiam
397 1147 612 1185 testimonio
631 1148 802 1198 plerique
820 1148 1029 1186 laeserunt?
1061 1149 1294 1194 statuerant,

179 1205 330 1236 tantum
355 1200 453 1238 illud
478 1213 556 1238 esse
578 1201 824 1249 maleficium,
851 1201 954 1252 quod
978 1213 1056 1238 non
1078 1201 1192 1239 modo
1218 1213 1296 1238 non

178 1252 359 1290 occultari
377 1267 446 1304 per
473 1267 525 1302 se,
553 1254 618 1292 sed
650 1255 765 1292 etiam
787 1254 924 1306 aperiri
942 1254 1212 1307 illustrarique,
1231 1253 1298 1292 de-

179 1306 294 1343 beret.

233 1359 316 1397 III.
347 1360 625 1408 Quamobrem,
650 1361 745 1412 quid
767 1369 832 1406 est,
857 1362 962 1413 quod
980 1361 1129 1410 mirere,
1157 1361 1297 1400 sicum

177 1412 313 1451 iisdem
331 1426 394 1451 me
413 1415 452 1451 in
472 1415 542 1452 hac
561 1414 673 1453 causa
696 1415 798 1453 vides
821 1416 963 1463 adesse,
984 1429 1074 1454 cum
1093 1416 1233 1467 quibus
1257 1415 1298 1452 in

176 1467 318 1504 caeteris
336 1468 518 1519 intelligis
537 1468 733 1507 abfuisse?
763 1469 836 1507 nisi
847 1483 934 1507 vero
949 1483 1013 1507 me
1030 1482 1154 1507 unum
1169 1469 1224 1507 vis
1243 1468 1299 1507 fe-

175 1532 278 1567 rum,
299 1529 436 1572 praeter
462 1529 627 1570 caeteros,
653 1535 716 1560 me
741 1536 933 1574 asperum,
953 1536 1017 1561 me
1040 1523 1299 1560 inhumanum

175 1573 399 1624 existimari,
431 1588 493 1613 me
529 1576 714 1626 singulari
742 1577 982 1615 immanitate
1011 1584 1049 1615 et
1078 1577 1299 1614 crudelitate

175 1628 392 1677 praeditum.
424 1629 538 1667 Hanc
553 1630 648 1666 mihi
668 1638 710 1667 tu
730 1630 775 1677 si,
790 1638 943 1682 propter
961 1643 1019 1669 res
1037 1643 1141 1668 meas
1159 1637 1296 1680 gestas,

176 1680 341 1732 imponis
360 1683 400 1719 in
419 1682 524 1720 omni
536 1683 614 1721 vita
631 1684 719 1721 mea
730 1697 945 1735 personam,
959 1685 1169 1736 Torquate,
1186 1683 1300 1722 vehe-

176 1742 323 1773 menter
342 1748 454 1774 erras.
490 1736 560 1774 Me
588 1744 723 1775 natura
741 1738 1035 1784 misericordem,
1055 1737 1178 1788 patria
1196 1750 1299 1775 seve-

175 1800 279 1835 rum,
296 1789 488 1827 crudelem
504 1802 572 1828 nec
590 1791 711 1841 patria
723 1803 791 1829 nec
805 1800 955 1840 natura,
972 1804 1051 1830 esse
1065 1791 1196 1829 voluit.
1217 1790 1299 1828 De-

174 1841 292 1893 nique
317 1843 430 1880 istam
453 1844 575 1894 ipsam
594 1857 791 1895 personam
813 1846 1077 1884 vehementem
1102 1851 1139 1883 et
1158 1856 1298 1893 acrem,

175 1908 295 1945 quam
314 1897 411 1933 mihi
434 1904 518 1934 tum
537 1904 688 1948 tempus
711 1906 748 1936 et
770 1899 982 1950 respublica
999 1898 1195 1950 imposuit,
1213 1899 1296 1947 jam

175 1949 351 1987 voluntas
370 1960 407 1988 et
434 1958 571 1988 natura
588 1951 671 2002 ipsa
689 1952 864 1990 detraxit.
899 1952 979 1990 Illa·
994 1952 1097 1990 enim
1115 1951 1164 1989 ad
1182 1953 1295 1990 breve

175 2009 328 2054 tempus
343 2004 576 2042 severitatem
588 2006 818 2056 postulavit3
848 2006 929 2044 haec
946 2006 987 2044 in
1006 2006 1112 2045 omni
1123 2004 1203 2044 vita
1219 2005 1294 2043 mi-

174 2056 418 2095 sericordiam
439 2058 711 2110 lenitatemque
729 2059 926 2098 desiderat.

231 2109 375 2160 Quare,
395 2111 492 2149 nihil
511 2120 581 2160 est,
609 2113 712 2164 quod
731 2126 778 2151 ex
800 2120 906 2151 tanto
924 2113 1106 2152 comitatu
1124 2113 1292 2153 virorum

177 2163 501 2214 amplissimorum
512 2178 575 2205 me
583 2179 705 2205 unum
717 2167 924 2207 abstrahas.
944 2166 1117 2219 Simplex
1127 2167 1294 2207 officium
