1425 2334
333 101 444 141 PRO
473 101 642 142 DOMO
671 102 790 141 SUA.
820 102 922 140 CM».
953 105 1015 141 50.
1147 104 1219 147 175

167 206 327 246 XLIX.
356 207 496 247 Nonne
525 209 628 246 vobis
659 209 792 245 Numa
825 209 1035 258 Pompilius
1066 210 1213 247 videtur

117 261 250 312 loqui?
279 260 407 298 discite
424 261 644 308 orationem,
660 261 863 311 pontifices,
884 269 920 299 et
934 274 998 300 vos
1012 262 1182 300 flamines
1197 278 1207 300 ε

117 313 228 351 etiarn
249 321 306 360 tu,
336 325 420 357 rex,
448 314 547 352 disce
569 327 592 351 a
609 313 740 364 gentili
770 314 947 359 homine3
977 327 1209 365 quamquam

116 365 180 404 ille
193 373 344 417 gentem
357 366 467 404 istam
486 367 660 418 reliquit:
691 366 754 404 sed
768 373 892 404 tamen
909 367 1007 404 disce
1026 370 1073 405 ab
1088 368 1210 406 homi-

113 431 160 457 ne
173 419 414 470 religionibus
427 419 566 465 dedito,
576 421 692 469 justo,
705 427 788 457 tum
801 420 972 457 omnium
984 421 1208 470 religionum

112 472 242 522 perito.
271 471 378 519 Quid
394 474 411 510 ,⁹
439 473 479 510 in
490 473 732 519 dedicatione,
745 485 882 518 nonne,
896 480 932 510 et
946 473 1031 524 quis
1050 474 1152 519 dicit,
1170 481 1207 512 et

111 525 218 575 quid,
239 532 276 563 et
293 525 494 576 quomodo,
515 527 726 577 quaeritur?
755 527 821 564 An
835 533 877 563 tu
889 526 968 563 haec
982 524 1040 564 ita
1048 527 1206 564 confun-

109 578 167 616 dis
197 585 234 616 et
257 580 466 628 perturbas,
498 587 554 639 ut,
581 580 811 630 quicumque
844 579 946 626 velit,
969 579 1072 629 quod
1101 581 1204 642 velit,

108 632 298 681 quomodo
323 631 424 679 velit,
456 632 570 692 possit
594 631 794 669 dedicare?
822 632 921 678 Quis
946 645 1026 670 eras
1050 642 1106 679 tu,
1138 635 1203 684 qui

107 683 336 722 dedicabas?
375 697 452 734 quo
481 686 590 733 jure.
582 687 598 711 '²
627 685 705 734 quit
735 685 847 734 lewe?
889 698 965 735 quo
1001 686 1203 737 exemplo?

106 750 184 787 qua
201 737 410 788 potestate?
440 738 506 775 ubi
524 746 560 775 te
571 737 632 774 isti
651 739 702 775 rei
721 739 884 788 populus
899 738 1095 776 Romanus
1108 753 1145 789 pr
1137 753 1202 777 ἐε-

106 790 240 828 fecerat
254 793 271 828 ?
302 790 424 828 Video
458 791 558 828 enim
589 803 666 828 esse
697 791 818 840 legem
849 798 1009 828 veterem
1042 792 1201 829 tribuni-

105 843 216 890 ciam,
237 856 322 894 quae
339 850 450 890 vetet,
463 843 608 892 injussu
627 843 760 894 plebis,
777 844 887 888 aedes,
910 850 1058 891 terram,
1079 858 1198 891 aram,

104 908 325 933 consecrare.
356 896 492 946 Neque
523 905 606 933 tum
639 896 708 934 hoc
740 897 803 933 ille
830 898 880 943 Q.
913 897 1100 946 Papirius,
1134 900 1201 949 qui

103 948 200 986 hanc
217 949 338 999 legem
357 949 513 999 rogavit,
529 949 655 995 sensit,
675 961 797 1000 neque
816 949 1023 999 suspicatus
1041 964 1077 988 es
1063 959 1109 997 t,
1123 951 1201 990 fore

103 1002 328 1062 periculum,
359 1014 406 1039 ne
431 1002 620 1039 domicilia
644 1009 710 1039 aut
735 1002 979 1052 possessiones
1002 1003 1199 1042 indemna-

102 1062 227 1092 torum
255 1055 394 1093 civium
423 1062 745 1092 consecrarentur:
776 1067 897 1105 neque
925 1055 1025 1093 enirn
1053 1056 1092 1092 id
1118 1058 1197 1094 fieri

100 1107 156 1145 fas
175 1115 266 1155 erat,
287 1120 408 1158 neque
427 1107 627 1158 quisquam
647 1107 807 1152 fecerat3
838 1120 960 1158 neque
978 1115 1056 1145 erat
1071 1122 1196 1158 causa,

99 1173 180 1209 cur,
200 1161 445 1212 prohibendo,
466 1172 540 1198 non
566 1167 644 1198 tam
661 1160 844 1199 deterrere
863 1160 1061 1208 videretur,
1082 1175 1198 1213 quam

97 1213 309 1252 admonere.

150 1267 238 1314 Sed,
269 1268 360 1318 quia
388 1269 696 1306 consecrabantur
719 1268 829 1315 aedes,
860 1280 935 1306 non
959 1268 1192 1319 privatorum

96 1320 299 1367 domicilia,
313 1321 378 1359 sed
397 1335 482 1371 quae
500 1334 613 1359 sacrae
631 1321 874 1359 nominantur
889 1335 901 1367 ;
931 1324 1195 1360 consecraban-

98 1380 159 1411 tur
177 1373 271 1424 agri,
288 1386 363 1412 non
382 1374 434 1411 ita
452 1381 496 1412 ut
513 1382 638 1412 nostra
655 1375 809 1425 praedia,
830 1374 861 1412 si
880 1375 964 1425 quis
984 1375 1108 1422 vellet,
1129 1376 1193 1414 sed

97 1433 141 1464 ut
169 1427 370 1477 imperator
389 1440 496 1477 agros
516 1427 562 1464 de
585 1427 753 1465 hostibus
778 1436 918 1478 captOS,
939 1436 1190 1473 consecraret3

95 1482 354 1518 statuebantur
383 1493 470 1527 arae,
496 1494 582 1530 qur*
551 1502 581 1517 ι
606 1481 827 1540 religionem
856 1480 1042 1527 afferrent,
1070 1480 1190 1532 [ipsol

95 1533 126 1571 si
143 1533 224 1571 loco
253 1540 373 1570 essent
397 1541 641 1577 consecratae3
671 1533 764 1579 haec,
792 1533 862 1570 nisi
880 1534 986 1583 plebs
1009 1534 1192 1582 jussisset,

96 1585 176 1624 fieri
195 1586 322 1624 vetuit.
352 1586 451 1633 Quae
470 1586 500 1623 si
515 1593 555 1623 tu
567 1586 819 1636 interpretaris
831 1586 877 1624 de
895 1587 1030 1624 nostris
1049 1588 1192 1626 aedibus

95 1646 209 1690 atque
226 1639 324 1690 agris
349 1640 483 1690 scripta
505 1652 606 1684 esse3
637 1651 712 1677 non
731 1651 925 1690 repugno:
957 1639 1021 1676 sed
1049 1653 1193 1691 quaero,

97 1705 182 1742 quae
200 1692 263 1729 lex
289 1692 366 1730 lata
384 1692 444 1740 sit,
468 1699 512 1729 ut
530 1700 572 1730 tu
595 1692 691 1730 aedes
715 1705 817 1730 meas
840 1705 1094 1737 consecrares3
1127 1694 1193 1732 ubi

96 1745 164 1782 tibi
191 1744 271 1782 haec
291 1752 453 1795 potestas
477 1745 565 1783 data
583 1745 654 1790 sit3
684 1758 760 1796 quo
781 1747 867 1794 jure
885 1745 1023 1783 feceris.
1055 1746 1193 1797 Neque

95 1811 164 1847 ego
190 1809 292 1835 nunc
323 1797 369 1835 de
400 1798 590 1848 religione,
615 1798 679 1835 sed
704 1798 750 1836 de
774 1798 881 1836 bonis
905 1798 1076 1835 omnium
1107 1812 1186 1837 nos-

96 1854 211 1896 trum,
226 1862 294 1888 nec
307 1850 354 1888 de
370 1851 574 1901 pontificio,
590 1851 653 1889 sed
672 1851 718 1888 de
733 1852 818 1900 jure
831 1851 983 1902 publico
1001 1851 1163 1902 disputo.

149 1904 196 1940 L.
226 1903 311 1941 Lex
336 1903 488 1954 Papiria
510 1911 609 1942 vetat
633 1904 730 1942 aedes
751 1904 899 1953 injussu
924 1904 1044 1954 plebis
1063 1917 1190 1943 conse-

94 1956 202 2002 crari,
231 1956 289 1994 Sit
308 1968 396 1994 sane
412 1956 484 1994 hoc
501 1956 548 1994 de
570 1957 704 1994 nostris
723 1957 878 2003 aedibus,
899 1970 942 1994 ac
959 1969 1034 1994 non
1055 1957 1101 1995 de
1118 1971 1191 2008 pu-

93 2010 199 2048 blicis
218 2009 382 2059 templis.
411 2010 545 2048 Unum
563 2009 715 2048 ostende
732 2012 889 2048 verbum
909 2009 1191 2047 consecrationis

95 2064 135 2101 in
153 2062 237 2114 ipsa
256 2062 322 2099 tua
338 2063 445 2112 lege3
475 2063 505 2100 si
525 2063 590 2100 illa
608 2064 670 2101 lex
689 2070 758 2108 est,
781 2076 824 2101 ac
842 2075 916 2100 non
938 2075 1010 2099 vox
1029 2062 1187 2109 sceleris,

95 2122 130 2154 et
148 2115 376 2155 crudelitatis
398 2122 496 2156 tuae..
513 2116 630 2163 Quod
648 2115 680 2154 si
707 2116 775 2155 tibi
799 2123 896 2164 tum,
922 2115 963 2164 in
982 2115 1047 2153 illo
1065 2115 1192 2168 reipu..
