1455 2343
230 101 308 138 316
485 101 600 140 PRO
629 101 854 141 sEX'rlo.
885 102 990 142 CAP.
1021 104 1085 141 62.

230 216 322 256 tem,
355 210 427 247 nisi
449 222 590 255 meam,
618 218 768 248 senatus
798 211 950 262 publice
972 211 1080 249 sociis
1103 211 1237 271 populi
1262 211 1342 249 Ro-

227 263 333 300 mani
347 263 486 314 gratias
505 264 606 315 egit
598 266 614 291 ‘²
646 263 706 301 De
728 277 792 302 me
811 277 888 303 uno
913 272 1037 316 patres
1056 264 1257 315 conscripti
1275 265 1340 302 de-

227 325 438 363 creverunt,
458 324 515 364 ut,
529 318 597 369 qui
610 317 820 368 provincias
834 331 922 356 eum
942 318 1101 369 imperio
1113 318 1339 361 obtinerent,

227 369 295 420 qui
325 379 527 421 quaestores
559 371 749 423 legatique
781 379 917 419 essent,
952 373 1113 410 salutem
1151 380 1188 410 et
1225 371 1342 409 vitam

228 435 355 461 meam
385 425 625 463 custodirent.
656 426 704 462 In
725 425 803 462 una
826 438 914 463 mea
932 438 1044 463 causa
1061 432 1147 476 post
1175 425 1341 463 Romam

228 477 419 515 conditam
438 478 582 516 factum
603 486 671 526 est,
692 486 736 516 ut
755 479 871 516 literis
890 480 1150 517 consularibus
1169 492 1216 517 ex
1236 491 1345 516 sena-

229 533 494 581 tus-consulto,
516 531 650 570 cuncta
669 545 715 569 ex
737 532 864 579 Italia,
884 545 1029 579 omnes,
1051 533 1118 584 qui
1137 532 1346 583 rempubli-

229 597 315 621 cam
334 586 479 623 salvam
492 586 646 633 vellent,
667 593 972 623 convocarentur.
1002 586 1121 634 Quod
1145 598 1345 637 nunquam

230 646 381 677 senatus
400 640 441 676 in
466 640 650 677 universae
672 639 888 690 reipublicae
902 639 1069 690 periculo
1089 639 1265 687 decrevit,
1290 639 1343 685 id,

232 691 272 728 in
291 693 405 730 unius
428 693 516 730 mea
535 694 656 731 salute
675 693 943 740 conservanda,
971 693 1250 732 decernendum
1270 706 1344 743 pu-

229 745 334 783 tavit.
365 746 496 794 Quem
525 747 631 784 curia
661 747 784 797 magis
816 747 1043 798 requisivit?
1073 759 1188 798 quem
1218 746 1344 783 forum

228 799 360 838 luxit?
390 813 506 851 quem
533 814 641 852 aeque
665 801 749 851 ipsa
770 801 975 839 tribunalia
1003 800 1310 839 desideraverunt
1327 803 1345 838 Ρ

228 852 375 891 Omnia
403 854 566 892 discessu
599 867 685 892 meo
707 854 867 901 deserta,
893 854 1060 902 horrida,
1086 861 1208 900 muta,
1233 854 1345 904 plena

228 906 352 945 luctus
373 915 409 945 et
427 908 596 946 moeroris
614 908 781 946 fuerunt.
812 908 912 955 Quis
943 916 998 946 est
1024 908 1148 946 Italiae
1165 908 1284 953 locus,
1303 907 1343 944 in

228 973 306 1010 quo
324 973 401 999 non
420 961 545 999 fixum
571 962 618 999 sit
644 962 684 999 in
711 962 875 1013 publicis
903 962 1148 1000 monimentis
1173 960 1344 999 studium

227 1014 358 1052 salutis
377 1028 488 1061 meae,
509 1016 770 1053 testimonium
789 1015 984 1066 dignitatis
997 1015 1015 1052 ’.Ρ

283 1068 399 1106 LXI.
430 1070 536 1106 Nam
566 1069 660 1121 quid
683 1083 752 1120 ego
774 1070 842 1107 illa
865 1070 912 1108 de
936 1083 1000 1108 me
1025 1069 1154 1108 divina
1175 1070 1344 1107 senatus-

228 1123 400 1160 consulta
425 1126 752 1162 commemorem?
783 1124 843 1161 vel
871 1123 1007 1175 quod
997 1136 1037 1161 1n
1062 1123 1206 1184 templo
1235 1122 1263 1159 J
1266 1134 1345 1160 ον15

227 1175 380 1226 Optimi
400 1176 571 1214 Maximi
588 1177 734 1215 factum
755 1184 823 1226 est,
845 1190 934 1216 cum
953 1177 1010 1215 vir
1027 1176 1073 1224 is,
1094 1177 1162 1227 qui
1181 1175 1346 1226 triperti-

227 1237 284 1266 tas
303 1230 403 1268 orbis
422 1237 607 1268 terrarum
638 1244 721 1268 oras
740 1238 855 1281 atque
873 1230 1044 1281 regiones
1063 1231 1184 1269 tribus
1210 1229 1297 1266 triu
1289 1242 1346 1266 ,11-

226 1282 313 1332 phis
331 1283 529 1333 adjunctas
553 1283 643 1322 huie
668 1285 828 1334 imperio
846 1284 1005 1331 notavit,
1032 1284 1080 1322 de
1097 1284 1235 1335 scripto
1261 1295 1339 1320 sen-

226 1336 346 1374 tentia
370 1337 486 1384 dicta,
518 1337 614 1374 mihi
643 1337 712 1374 uni
742 1338 1003 1376 testimonium
1035 1337 1167 1388 patriae
1198 1348 1346 1374 conser-

226 1396 323 1427 vatae
352 1390 457 1427 dedit
473 1393 490 1428 Ρ
531 1392 641 1439 cujus
671 1391 896 1428 sententiam
926 1391 980 1429 ita
1016 1389 1345 1442 frequentissimus

227 1450 378 1481 senatus
399 1451 548 1481 secutus
567 1451 636 1490 est⁷
656 1451 701 1481 ut
718 1457 819 1481 unus
833 1444 1044 1482 dissentiret
1056 1443 1198 1488 hosti53
1228 1443 1345 1494 idque

226 1497 353 1547 ipsum
384 1498 524 1535 tabulis
552 1497 715 1548 publicis
741 1498 1001 1544 mandaretur,
1038 1497 1087 1534 ad
1117 1497 1343 1535 memoriam

227 1550 367 1600 posteri
385 1551 566 1602 temporis
581 1551 849 1602 sempiternam
867 1566 877 1588 :
909 1552 969 1590 vel
981 1551 1083 1602 quod
1097 1558 1152 1588 est
1166 1549 1344 1602 postridie

226 1604 419 1642 decretum
448 1605 489 1642 in
512 1605 633 1652 curia,
654 1605 787 1656 populi
812 1605 931 1656 ipsius
951 1605 1134 1653 Romani,
1155 1612 1193 1643 et
1211 1616 1342 1642 eorum

226 1657 295 1708 qui
322 1671 369 1696 ex
399 1659 617 1709 municipiis
643 1666 908 1706 convenerant,
939 1659 1153 1706 admonitu,
1180 1671 1229 1695 ne
1257 1657 1343 1708 quis

227 1711 275 1749 de
294 1712 385 1749 eoelo
405 1722 566 1750 servaret
584 1726 594 1757 ;
626 1724 673 1750 ne
692 1712 778 1763 quis
796 1725 945 1750 moram
964 1713 1086 1750 ullam
1104 1712 1252 1750 afferret
1268 1725 1281 1757 ς
1312 1711 1346 1748 51

225 1765 313 1816 quis
332 1765 440 1803 aliter
459 1766 617 1812 fecisset,
639 1779 727 1803 eum
753 1766 867 1817 plane
885 1779 1095 1804 eversorem
1123 1765 1342 1816 reipublicae

227 1819 320 1867 fore,
340 1819 456 1870 idque
486 1827 660 1857 senatum
680 1820 899 1870 gravissime
923 1820 1119 1865 laturum;
1150 1827 1187 1857 et
1204 1826 1249 1856 ut
1267 1825 1341 1856 sta-

226 1872 296 1909 tim
314 1872 363 1910 de
383 1874 463 1922 ejus
482 1873 581 1910 facto
600 1873 828 1911 resen-etur?
857 1873 948 1921 Qua
961 1873 1145 1924 gravitate
1164 1872 1234 1910 sua
1252 1884 1341 1909 cum

226 1926 404 1976 frequens
435 1935 585 1964 senatus
612 1927 884 1964 nonnullorum
915 1928 1035 1965 scelus
1067 1925 1342 1976 audaciamque

229 1979 439 2025 tardasset;
469 1988 597 2018 tamen
623 1980 720 2017 illud
745 1981 905 2027 addidit,
933 1980 978 2029 51,
999 1980 1131 2018 diebus
1156 1979 1341 2030 quinque,

230 2033 371 2083 quibus
397 2034 459 2084 agi
486 2034 533 2071 de
558 2047 620 2070 me
643 2034 838 2084 potuisset,
868 2047 945 2072 non
976 2041 1070 2072 esset
1095 2041 1238 2080 actum,
1259 2031 1345 2070 red-

226 2086 322 2123 irem
341 2086 378 2124 in
400 2087 577 2138 patriam,
598 2087 781 2138 dignitate
800 2087 906 2126 omni
923 2086 1153 2138 recuperata.

283 2140 422 2178 LXII.
453 2141 629 2179 Decrevit
662 2140 794 2179 eodem
825 2150 994 2192 tempore
1023 2149 1188 2186 senatuS,
1212 2145 1255 2176 ut
1279 2138 1340 2185 115,

224 2193 293 2243 qui
322 2206 370 2232 ex
401 2195 480 2233 tota
513 2195 627 2233 Itali&
656 2195 787 2233 salutis
813 2208 908 2233 meae
934 2195 1046 2233 causa
1077 2199 1342 2240 convenerant,
