1455 2343
203 112 281 151 132
428 111 541 152 PRO
571 111 741 152 DOMO
769 112 891 151 SUA.
920 112 1025 151 CAP.
1055 113 1092 151 6.

206 219 362 268 caedem,
375 221 540 272 rapinas,
556 221 657 268 nolo,
671 221 879 272 pontifices,
896 219 1154 271 suspicemini,
1166 219 1239 259 nisi
1252 220 1307 260 vi-

207 274 348 312 deritis.

261 327 343 375 Qui
363 335 450 366 sunt
467 328 640 366 homines
659 341 681 365 a
703 327 753 375 Q.
778 327 952 374 Metello,
973 327 1087 365 fratre
1112 334 1192 376 tuo,
1219 341 1307 366 con==

207 382 303 428 sule,
316 381 356 419 in
375 389 505 419 senatu
524 383 651 433 palam
671 381 869 427 nominati,
882 395 904 419 a
923 381 1062 432 quibus
1080 381 1144 419 ille
1158 395 1196 420 se
1213 382 1310 433 lapi-

206 435 319 473 dibus
348 435 574 486 appetitum,
596 435 709 472 etiam
738 448 972 486 percussum,
998 447 1076 472 esse
1102 434 1230 473 dixit?
1259 435 1308 473 L.

208 488 385 539 Sergium
415 497 452 527 et
481 489 541 526 M.
576 489 746 526 Lollium
775 488 996 526 nominavit.
1026 488 1126 536 Quis
1159 495 1214 526 est
1241 488 1313 528 iste

209 542 392 581 Lollius?
422 543 489 593 qui
508 542 588 580 sine
606 542 704 580 ferro
723 555 770 579 ne
788 554 889 580 nunc
908 542 1064 593 quidem
1083 549 1209 580 tecum
1228 549 1310 589 est;

208 595 290 646 qui,
318 604 355 633 te
384 596 537 633 tribuno
559 596 693 646 plebis,
725 595 822 632 nihil
849 595 895 633 de
917 609 979 633 me
998 595 1136 644 dicam,
1156 595 1220 634 sed
1245 597 1313 647 qui

209 650 282 688 Cn.
305 649 534 700 Pompeium
561 649 863 686 interficiendum
884 649 1110 700 depoposcit.
1135 649 1240 696 ‘Quis
1259 658 1314 688 est

211 703 364 754 Sergius
381 705 398 741 ?
438 703 602 752 armiger
635 702 822 749 Catilinae,
857 702 1014 753 stipator
1043 703 1100 740 tui
1132 703 1311 754 corporis,

209 756 365 807 signifer
384 756 588 802 seditionis,
609 756 811 793 concitator
830 756 1141 803 tabernariorum,
1157 756 1315 795 damna-

209 817 272 848 tus
290 810 531 859 injuriarum,
551 823 760 870 percussor,
790 809 990 860 lapidator,
1013 809 1085 847 fori
1108 810 1316 861 depopula-

209 870 282 911 tor,
303 866 470 902 obsessor
499 863 623 901 euriae.
654 863 729 901 His
751 870 866 924 atque
890 863 1112 912 hujusmodi
1140 863 1315 913 ducibus,

210 930 300 956 cum
320 924 376 966 tu,
393 918 432 955 in
452 929 612 955 annonae
624 917 790 963 caritate,
804 917 844 954 in
863 916 1080 965 consules,
1069 929 1109 954 m
1128 923 1315 966 senatum,

209 970 251 1008 in
277 973 378 1009 bona
405 971 651 1032 fortunasque
680 970 943 1031 locupletium,
973 983 1041 1021 per
1069 983 1222 1009 causam
1259 971 1319 1009 in-

210 1037 329 1076 opum
341 1032 455 1076 atque
467 1025 744 1075 imperitorum,
761 1024 975 1075 repentinos
986 1024 1150 1075 impetus
1165 1037 1318 1076 compa-

210 1091 337 1124 rares;
379 1091 467 1116 cum
499 1078 568 1116 tibi
597 1079 698 1116 salus
735 1091 814 1116 esse
843 1078 884 1115 in
913 1077 988 1116 otio
1023 1078 1132 1116 nulla
1166 1086 1317 1129 posset3

214 1145 303 1170 cum
322 1132 528 1183 desperatis
548 1131 706 1170 ducibus
732 1132 941 1170 decuriatos
965 1145 1008 1170 ac
1031 1131 1233 1182 descriptos
1250 1133 1319 1170 ha-

211 1187 318 1224 beres
348 1186 531 1224 exercitus
567 1185 828 1236 perditorum;
871 1197 997 1223 nonne
1039 1185 1317 1236 providendum

213 1239 361 1277 senatui
379 1239 467 1287 fuit,
488 1251 535 1276 ne
559 1239 599 1275 in
618 1239 716 1276 hanc
734 1246 881 1276 tantam
910 1238 1106 1276 materiem
1125 1238 1317 1277 seditionis

210 1293 283 1331 ista
300 1293 450 1331 funesta
471 1292 536 1330 fax
555 1292 820 1330 adhaeresceret
832 1292 850 1328 Ρ
879 1292 971 1329 Fuit
988 1291 1105 1341 igitur
1124 1305 1236 1330 causa
1254 1306 1316 1331 ca-

210 1346 339 1398 piendi
367 1346 455 1384 novi
481 1345 635 1384 consilii.
667 1345 804 1384 Videte
832 1357 948 1394 nunc,
976 1344 1167 1384 fuerintne
1194 1354 1319 1398 partes

210 1412 307 1438 meae
325 1413 432 1452 paene
450 1400 660 1451 praecipuae.

267 1454 341 1492 VI.
372 1453 501 1501 Quem
526 1460 610 1490 tum
630 1453 783 1503 Sergius
807 1453 871 1492 ille
890 1460 992 1500 tuus,
1020 1466 1136 1505 quem
1155 1453 1318 1502 Lollius,

214 1520 332 1560 quem
346 1514 488 1546 caeterae
501 1514 637 1558 pestes,
650 1507 691 1544 in
705 1507 934 1558 lapidatione
952 1507 1020 1545 illa
1038 1507 1288 1546 nominabant
1300 1509 1319 1545 ἰ’

214 1574 331 1613 quem
353 1573 544 1599 annonam
569 1568 746 1612 praestare
765 1568 935 1612 oportere
960 1561 1165 1600 dicebant?
1194 1574 1321 1601 nonne

213 1628 277 1654 me
290 1618 308 1654 ?
339 1614 447 1662 Quid
472 1628 676 1665 puerorum
689 1615 755 1652 illa
769 1615 1001 1653 concursatio
1019 1622 1215 1664 nocturna,
1236 1623 1322 1654 tum

214 1682 237 1706 a
249 1676 285 1707 te
300 1669 381 1720 ipso
392 1668 589 1707 instituta?
612 1668 681 1706 Me
696 1668 932 1706 frumentum
946 1668 1180 1719 flagitabant.
1201 1669 1325 1716 Quasi

216 1736 303 1760 vero
329 1736 398 1773 ego
423 1729 489 1759 aut
507 1722 561 1760 rei
585 1722 842 1760 frumentariae
860 1722 1110 1773 praefuissem,
1134 1729 1202 1760 aut
1219 1735 1323 1761 com-

215 1789 388 1827 pressum
421 1776 575 1826 aliquod
604 1775 842 1814 frumentum
873 1784 1052 1822 tenerem,
1087 1783 1154 1814 aut
1182 1776 1223 1813 in
1251 1776 1324 1816 isto

215 1842 351 1881 genere
370 1829 524 1867 omnino
550 1829 775 1881 quidquam,
808 1837 874 1867 aut
900 1830 1092 1868 curatione
1114 1836 1181 1868 aut
1199 1838 1324 1881 potes-

215 1890 305 1931 tate,
337 1883 549 1922 valuissem.
586 1883 661 1921 Sed
691 1884 820 1932 homo,
855 1884 904 1921 ad
934 1883 1075 1921 caedem
1103 1883 1323 1945 imminens,

215 1949 348 1975 meum
381 1950 520 1975 nomen
552 1937 674 1987 operis
707 1937 886 1983 ediderat,
917 1937 1103 1988 imperitis
1131 1937 1322 1987 injecerat.

218 1990 322 2029 Cum
340 1991 387 2029 de
405 1990 489 2028 mea
507 1990 689 2041 dignitate
707 1991 747 2028 in
758 1992 900 2042 templo
912 1991 940 2029 J
943 1991 1022 2029 ovis
1042 1990 1194 2042 Optimi
1205 1991 1325 2030 Max-

217 2044 289 2082 imi
315 2052 465 2082 senatus
488 2044 829 2095 frequentissimus,
860 2058 937 2083 uno
969 2044 1041 2082 isto
1070 2045 1324 2093 dissentiente,

219 2097 467 2142 decrevisset;
499 2099 637 2144 subito,
657 2098 724 2136 ino
747 2099 828 2149 ipso
847 2098 921 2146 die,
949 2098 1183 2137 carissimam
1207 2111 1327 2137 anno·

219 2164 310 2189 nam
330 2152 570 2202 nec-opinata
588 2152 711 2190 vilitas
729 2159 927 2191 consecuta
941 2160 1007 2191 est.

273 2205 410 2252 Erant,
431 2206 499 2257 qui
519 2205 621 2244 Deos
639 2206 871 2244 immortales
892 2206 962 2253 (id,
983 2205 1086 2258 quod
1105 2218 1175 2257 ego
1194 2205 1330 2254 sentio)
