1425 2334
296 89 410 129 PRO
439 89 609 128 DOMO
639 90 758 129 SUA.
789 90 892 129 CAP.
913 92 976 128 28.
1107 91 1179 128 155

85 206 172 232 vam
201 207 280 235 esse
297 196 456 247 vellent,
483 197 530 234 ad
556 209 618 235 me
646 209 767 234 unum
787 197 1062 235 defendendum
1082 196 1184 235 veni-

85 254 192 293 rent;
220 249 470 300 ostenditque,
489 262 556 288 nec
580 257 678 288 stare
708 251 871 301 potuisse
896 251 1181 301 rempublicam,

84 300 114 337 si
134 313 203 352 ego
221 314 297 340 non
316 302 486 350 fuissem,
515 315 582 341 nec
600 303 768 341 futuram
799 316 875 341 esse
904 304 1036 351 ullam,
1057 303 1088 339 si
1108 315 1182 340 non

83 354 286 394 rediissem.
317 356 519 394 Proximus
531 364 585 395 est
599 357 687 394 huic
699 356 872 408 dignitati
884 357 974 394 ordo
989 364 1182 410 equester.

82 419 214 447 omnes
231 409 403 447 omnium
424 408 702 461 [publicorum]
724 410 913 448 societates
932 410 978 447 de
997 422 1081 447 meo
1096 422 1184 446 con-

83 460 223 510 sulam,
243 476 286 500 ac
312 462 360 500 de
390 463 484 501 meis
515 464 627 501 rebus
655 463 782 513 gestis,
813 463 1044 513 amplissima
1073 469 1186 513 atquc

81 515 320 553 ornatissima
336 515 483 554 decreta
506 516 685 555 fecerunt.
714 516 866 564 Scribae,
895 516 962 567 qui
989 515 1185 553 nobiscum

84 566 123 603 in
142 569 350 607 rationibus
366 570 682 631 monimentisque
699 569 858 620 publicis
883 576 1090 615 versantur,
1110 580 1185 606 non

84 621 285 660 obscurum
304 622 351 660 de
368 623 462 661 meis
490 624 530 661 in
559 623 831 674 rempublicam
857 623 1046 660 beneficiis
1073 634 1186 658 suum

82 674 269 721 judicium
281 675 549 728 decretumque
563 690 640 714 esse
659 677 869 714 voluerunt.
900 676 1066 713 Nullum
1081 682 1136 713 est
1148 675 1185 711 in

88 726 158 764 hac
175 730 268 766 urbe
286 729 501 779 collegium,
521 730 617 767 1111111
637 729 774 780 pagani
792 736 858 767 aut
872 729 1056 789 montani,
1078 732 1188 779 (quo-

88 780 190 817 niam
210 782 332 832 plebei
351 795 502 842 quoque
519 784 673 820 urbanae
688 783 848 831 majores
866 782 981 820 nostri
1000 794 1093 820 conv
1095 781 1190 818 enti-

88 833 187 881 cula,
208 842 246 872 et
262 836 370 885 quasi
388 836 540 874 consilia
564 836 753 887 quaedam,
774 848 852 873 esse
878 835 1094 882 voluerunt)
1122 834 1189 884 qui

89 898 164 923 non
184 888 430 939 amplissime,
449 901 524 926 non
543 889 655 927 modo
674 889 720 926 de
739 890 857 927 salute
875 901 947 926 me
937 904 973 935 1,
994 887 1058 925 sed
1077 887 1189 925 etiam

87 939 134 976 de
151 939 346 991 dignitate,
366 942 604 980 decreverint.

142 993 247 1031 Nam
267 994 360 1045 quid
379 1008 447 1045 ego
458 995 524 1032 illa
541 995 668 1033 divina
686 1004 799 1046 atque
817 989 1046 1032 immortalia
1061 993 1189 1030 muni-

88 1045 272 1096 cipiorum
292 1054 329 1085 et
340 1048 584 1095 coloniarum,
598 1056 635 1087 et
649 1049 763 1086 totius
777 1048 912 1095 Italiae,
932 1047 1077 1085 decreta
1088 1059 1190 1084 com-

92 1112 312 1147 memorem,
341 1101 494 1152 quibus,
514 1109 710 1152 tamquam
729 1101 922 1151 gradibus,
943 1100 1039 1137 mihi
1064 1099 1190 1137 videor

91 1152 129 1188 in
142 1153 277 1191 coelum
289 1153 535 1202 adscendisse,
548 1167 623 1192 non
643 1155 765 1192 solum
784 1154 822 1190 in
841 1153 1003 1204 patriam
1021 1153 1191 1190 revertis-

91 1218 129 1243 se
147 1208 164 1244 ?
195 1207 268 1244 Ille
286 1219 374 1245 vero
391 1207 470 1245 dies
488 1208 573 1259 quis
586 1207 673 1252 fuit,
695 1219 781 1244 cum
801 1213 851 1253 te,
873 1207 919 1244 P.
941 1206 1118 1252 Lentule,
1138 1207 1191 1243 le-

91 1271 179 1308 gem
204 1259 251 1297 de
268 1272 330 1298 me
347 1260 542 1307 ferentem,
563 1261 726 1311 populus
753 1260 950 1297 Romanus
969 1259 1087 1304 vidit3
1110 1271 1192 1296 sen-

92 1311 227 1362 sitque,
258 1320 423 1363 quantus
441 1320 478 1351 et
502 1314 647 1364 quanta
675 1313 857 1363 dignitate
887 1313 1005 1350 esses!
1038 1312 1193 1349 Constat

93 1365 208 1414 enim,
233 1366 348 1404 nullis
375 1379 546 1417 unquam
575 1366 748 1413 comitiis,
787 1365 979 1417 Campum
1004 1365 1193 1402 Martium

93 1419 198 1456 tanta
216 1419 441 1466 celebritate,
461 1427 565 1458 tanto
583 1419 790 1470 splendore,
810 1419 932 1457 omnis
956 1418 1102 1469 generis
1127 1418 1195 1455 ho-

93 1472 258 1519 minum,
285 1479 454 1519 aetatum,
474 1473 664 1519 ordinum,
683 1473 862 1511 floruisse.
897 1472 1046 1511 Omitto
1069 1471 1197 1509 civita-

92 1532 190 1572 tum,
206 1525 418 1573 nationum,
436 1526 728 1577 provinciarum,
748 1539 896 1576 regum,
916 1525 1015 1563 orbis
1033 1524 1197 1575 denique

94 1584 289 1625 terrarum,
313 1578 360 1616 de
377 1580 471 1617 meis
488 1579 528 1616 in
546 1592 678 1618 omnes
703 1579 879 1618 mortales
906 1577 1050 1616 meritis
1074 1589 1194 1615 unum

90 1630 292 1678 judicium,
312 1644 510 1683 unumque
537 1645 757 1671 consensum
773 1647 782 1670 :
813 1632 995 1670 adventus
1013 1643 1122 1669 meus
1140 1637 1197 1668 at-

96 1696 171 1733 que
187 1684 362 1723 introitus
379 1685 419 1723 in
448 1686 593 1724 Urbem
613 1686 680 1737 qui
697 1686 794 1723 fuit.
785 1686 793 1711 ⁹
827 1686 968 1723 Utrum
992 1697 1056 1722 me
1076 1683 1198 1735 patria

96 1737 147 1774 sic
165 1737 319 1788 accepit,
339 1745 382 1775 ut
398 1739 522 1777 lucem
541 1740 778 1790 salutemque
796 1738 981 1777 redditam
997 1737 1067 1775 sibi
1085 1750 1128 1775 ac
1141 1749 1199 1774 re-

96 1789 268 1827 stitutam
287 1791 450 1841 accipere
469 1792 612 1840 debuit,
625 1804 673 1830 an
692 1800 736 1829 ut
754 1791 943 1830 crudelem
961 1791 1198 1850 tyrannum?

96 1843 199 1893 quod
218 1855 299 1890 νοε,
321 1843 494 1883 Catilinae
511 1846 693 1896 gregales,
713 1845 759 1883 de
786 1858 848 1883 me
875 1845 995 1883 dicere
1013 1842 1199 1882 solebatis.

100 1896 236 1946 Itaque
250 1896 314 1934 ille
331 1909 431 1935 unus
447 1898 540 1945 dies,
560 1911 637 1949 quo
655 1873 716 1936 die
733 1911 795 1936 me
818 1899 982 1949 populus
1002 1898 1200 1935 Romanus

99 1961 122 1985 a
139 1949 247 1999 porta
264 1949 304 1986 in
324 1950 570 2001 Capitolium,
591 1959 704 2002 atque
722 1951 810 1990 inde
828 1951 1001 1996 domum,
1021 1963 1091 1987 sua
1109 1949 1203 1986 cele-

98 2002 234 2039 britate
251 2002 457 2054 laetitiaque
475 2004 696 2042 comitatum
719 2004 945 2050 honestavit,
973 2009 1086 2041 tantae
1107 2000 1203 2038 mihi

95 2055 324 2103 jucunditati
342 2055 429 2105 fuit,
445 2064 489 2094 ut
506 2064 572 2095 tua
589 2058 686 2095 mihi
703 2058 950 2096 conscelerata
966 2057 1032 2093 illa
1043 2055 1112 2101 vis,
1128 2065 1203 2091 non

99 2108 212 2147 modo
242 2120 318 2147 non
353 2110 620 2162 propulsanda,
651 2111 717 2150 sed
745 2111 858 2150 etiam
886 2108 1057 2156 emenda,
1091 2106 1205 2145 fuisse
