1425 2334
343 79 459 120 PRO
487 79 723 120 FLACCO.
754 80 859 120 ΟΜ».
894 81 954 125 17.
1163 83 1212 127 17

90 193 246 226 testarer
261 186 484 238 publicanos
498 201 510 234 ;
531 187 733 226 excitarem
748 188 1022 238 negotiatores;
1044 195 1207 227 vestram

91 241 206 279 etiam
239 240 503 279 conscientiam
535 241 779 291 implorarem
795 256 805 278 ε
843 241 927 279 cera
959 241 1204 292 deprehensa,

91 293 332 341 confiderem,
353 294 467 332 totius
486 294 690 333 testimonii
715 295 841 332 fictam
865 294 1060 332 audaciam
1081 296 1205 333 mani-

91 347 188 385 festo
206 347 515 398 comprehensam
534 355 648 399 atque
671 361 888 398 oppressam
915 348 1044 385 teneri.
1085 349 1124 385 N
1131 361 1204 387 unc

92 413 180 439 vero
198 413 273 438 non
288 401 478 439 insultabo
496 401 769 447 vehementius,
790 414 858 440 nec
885 402 1048 439 volitabo
1072 401 1111 438 in
1131 402 1203 440 hoc

90 453 339 499 insolentius;
369 467 492 505 neque
510 455 547 492 in
568 455 683 492 istum
704 463 940 505 nugatorem,
955 462 1150 506 tamquam
1164 456 1204 493 in

92 507 261 558 aliquem
273 514 420 555 testem,
429 508 584 546 invehar
597 522 608 553 3
630 521 752 559 neque
764 509 803 545 in
812 516 889 546 toto
900 508 1204 547 Acmonensium

92 561 321 608 testimonio,
341 561 418 599 sive
436 561 500 599 hic
518 563 719 600 confictum
741 569 795 599 est
823 565 884 604 (ut
910 569 1096 612 apparet),
1128 562 1206 600 sive

94 614 256 652 missum
267 614 380 652 domo
393 621 447 653 est
467 618 527 657 (ut
541 615 707 662 dicitur),
724 616 999 653 commovebor.
1029 615 1202 662 Etenim,

91 667 237 718 quibus
267 680 335 719 ego
364 667 474 706 istam
504 669 762 706 laudationem
792 668 997 715 remittam,
1022 668 1204 718 quoniam

95 728 186 759 sunt
205 724 266 764 (ut
278 721 522 772 Asclepiades
541 722 646 770 dicit)
661 722 774 770 leves,
789 721 928 760 horum
943 722 1202 759 testimonium

93 785 171 813 non
190 774 464 825 pertimescam.

149 827 292 866 XVII.
322 828 446 866 Venio
458 841 559 866 nunc
573 828 621 866 ad
633 828 903 879 Dorylensium
916 827 1174 866 testimonium
1189 842 1200 866 ε

95 881 178 931 qui,
198 881 386 932 producti,
406 883 554 919 tabulas
567 895 605 919 se
623 883 794 933 publicas
807 881 854 919 ad
867 882 1063 932 speluncas
1077 881 1204 931 perdi-

93 933 193 972 disse
211 934 400 972 dixerunt.
430 935 468 973 Ο
487 943 665 986 pastores,
686 935 810 973 nescio
828 947 936 986 quos,
953 934 1108 985 cupidos
1118 935 1203 972 lite-

93 999 225 1025 rarum
241 988 251 1024 !
283 987 469 1038 siquidem
488 988 585 1026 nihil
603 988 696 1035 istis,
723 995 858 1039 praeter
876 988 1016 1035 literas,
1037 988 1202 1025 abstule-

92 1048 197 1079 runt.
237 1041 312 1079 Sed
331 1041 435 1078 aliud
454 1054 532 1080 esse
551 1054 671 1079 causae
689 1042 938 1092 suspicamur,
961 1053 1009 1078 ne
1027 1041 1121 1078 forte
1140 1042 1202 1079 isti

92 1105 231 1144 parum
251 1095 389 1132 versuti
407 1107 486 1132 esse
504 1095 713 1133 videantur.
749 1095 867 1132 Poena
892 1101 948 1132 est
973 1097 1034 1136 (ut
1051 1094 1202 1144 opinor)

92 1146 265 1198 Dorylaei
283 1147 444 1198 gravior,
472 1161 588 1199 quam
615 1148 718 1199 apud
736 1148 842 1195 alios,
863 1148 1045 1185 falsarum
1065 1155 1102 1185 et
1121 1160 1201 1185 cor-

90 1207 291 1251 ruptarum
314 1201 522 1239 literarum.
563 1202 605 1240 Si
623 1215 727 1240 veras
752 1201 1008 1252 protulissent,
1035 1201 1202 1238 criminis

89 1253 188 1292 nihil
212 1261 317 1292 erat:
348 1255 378 1292 si
396 1254 523 1303 falsas,
544 1262 623 1293 erat
639 1268 761 1307 poena.
801 1254 1065 1293 Bellissimum
1084 1255 1201 1305 puta-

87 1315 192 1355 runt,
213 1308 334 1346 dicere
352 1308 518 1347 amissas.

55 1361 58 1363 ’
141 1360 349 1408 Quiescant
366 1361 496 1412 igitur,
517 1371 553 1400 et
570 1374 632 1400 me
645 1362 717 1400 hoc
734 1362 772 1399 in
791 1362 897 1400 lucro
915 1374 1066 1413 ponere,
1083 1367 1199 1412 atque

42 1426 44 1430 ·
87 1414 194 1453 aliud
205 1427 328 1466 agere,
340 1416 544 1466 patiantur.
575 1416 666 1454 Non
675 1416 815 1454 sinunt.
846 1416 1007 1466 Supplet
1018 1414 1119 1452 enim
1134 1414 1200 1452 ille

89 1468 215 1506 nescio
233 1468 332 1519 quis,
354 1476 390 1506 et
411 1469 589 1520 privatim
618 1469 708 1507 dicit
738 1482 777 1507 se
806 1469 962 1507 dedisse.
1007 1468 1094 1506 Hoc
1112 1480 1201 1506 vero

89 1520 180 1560 ferri
197 1522 304 1559 nullo
322 1522 436 1560 modo
453 1530 587 1573 potest.
628 1523 710 1571 Qui
728 1523 774 1560 de
793 1523 932 1560 tabulis
951 1521 1113 1573 publicis
1140 1534 1199 1559 re·-

90 1574 183 1614 citat
195 1575 254 1622 iis,
267 1588 354 1626 quae
371 1575 410 1613 in
429 1576 652 1615 accusatoris
670 1583 852 1627 potestate
862 1576 1031 1622 fuerunt,
1045 1587 1119 1612 non
1133 1574 1199 1612 de-

91 1628 156 1667 bet
166 1627 304 1666 habere
318 1630 601 1668 auctoritatem·
633 1630 698 1667 sed
709 1637 836 1667 tamen
848 1629 1035 1678 judicium
1049 1628 1129 1666 fieri
1141 1628 1198 1665 vi-

90 1680 214 1730 detur,
228 1694 316 1720 cum
331 1683 471 1720 tabulae
483 1683 580 1721 illae
570 1696 674 1734 ipsae,
691 1683 979 1734 cujusquemodi
994 1689 1095 1730 sunt,
1111 1694 1201 1732 pro-

90 1733 277 1773 feruntur.
319 1735 421 1774 Cum
445 1749 534 1774 vero
556 1737 602 1785 is,
630 1749 745 1788 quem
774 1749 888 1774 nemo
913 1738 1078 1774 vestrum
1104 1735 1199 1772 vidit

89 1799 290 1839 unquam3
319 1801 446 1837 nemo,
459 1790 527 1841 qui
544 1790 714 1829 mortalis
733 1797 840 1838 esset,
860 1790 1025 1834 audivit3
1045 1795 1197 1826 tantum

87 1839 194 1890 ¹dicit,
216 1844 244 1864 ‘⁶
259 1841 385 1880 Dedi·
374 1843 417 1889 ;”
445 1843 638 1891 dubitatis,
656 1843 815 1892 judices,
832 1843 925 1895 quin
940 1845 987 1881 ab
1006 1842 1098 1879 hoc'
1088 1853 1198 1892 lgno-

88 1893 236 1933 tissime
259 1895 412 1947 Phryge
437 1897 716 1935 nobilissimum
741 1896 861 1935 civem
884 1895 1090 1935 vindicetis
1118 1895 1197 1932 At-

87 1960 163 1999 que
180 1947 270 1985 huic
287 1949 409 1987 eidem
424 1962 545 2001 nuper
556 1957 629 1988 tres
648 1950 791 2001 equites
811 1949 979 1988 Romani
997 1948 1145 1986 honesti
1159 1954 1196 1985 et

87 2012 233 2051 graves,
253 2014 340 2040 cum
370 2003 411 2043 in
429 2004 543 2041 causa
559 2003 706 2042 liberali
725 2016 827 2052 eum,
859 2003 927 2054 qui
934 2004 1195 2047 asserebatur,

87 2062 291 2116 cognatum
310 2068 424 2094 suum
445 2069 522 2102 esse
541 2056 692 2105 diceret,
722 2069 799 2095 non
822 2054 1192 2100 crediderunt.Qu1

86 2105 160 2146 hoc
177 2108 315 2160 evenit,
335 2116 393 2158 ut,
413 2110 482 2162 qui
494 2109 666 2163 locuples
679 2110 783 2150 testis
801 2109 940 2149 doloris
954 2116 992 2147 et
1005 2105 1198 2158 sanguinis

855 2173 879 2201 c
899 2164 924 2201 3
