<?xml version="1.0" encoding="UTF-8"?>
<!DOCTYPE html PUBLIC "-//W3C//DTD XHTML 1.0 Transitional//EN"
    "http://www.w3.org/TR/xhtml1/DTD/xhtml1-transitional.dtd">
<html xmlns="http://www.w3.org/1999/xhtml" xml:lang="en" lang="en">
 <head>
  <title>
</title>
<meta http-equiv="Content-Type" content="text/html;charset=utf-8" />
  <meta name='ocr-system' content='tesseract 3.04.00' />
  <meta name='ocr-capabilities' content='ocr_page ocr_carea ocr_par ocr_line ocrx_word'/>
</head>
<body>
  <div class='ocr_page' id='page_1' title='image "./operaern07ciceuoft_0088.png"; bbox 0 0 1435 2328; ppageno 0'>
   <div class='ocr_carea' id='block_1_1' title="bbox 173 76 1014 123">
    <p class='ocr_par' dir='ltr' id='par_1_1' title="bbox 173 76 1014 123">
     <span class='ocr_line' id='line_1_1' title="bbox 173 76 1014 123; baseline 0 -8"><span class='ocrx_word' id='word_1_1' title='bbox 173 77 225 123; x_wconf 76' lang='grc'><strong>74</strong></span> <span class='ocrx_word' id='word_1_2' title='bbox 442 76 557 117; x_wconf 81' lang='lat' dir='ltr'><strong>PRO</strong></span> <span class='ocrx_word' id='word_1_3' title='bbox 585 76 785 116; x_wconf 77' lang='lat' dir='ltr'><strong>SULLA‚</strong></span> <span class='ocrx_word' id='word_1_4' title='bbox 814 76 920 116; x_wconf 79' lang='lat' dir='ltr'>CAP.</span> <span class='ocrx_word' id='word_1_5' title='bbox 949 77 1014 116; x_wconf 80' lang='lat'><strong>30.</strong></span> 
     </span>
    </p>
   </div>
   <div class='ocr_carea' id='block_1_2' title="bbox 174 181 1298 2162">
    <p class='ocr_par' dir='ltr' id='par_1_2' title="bbox 175 181 1290 235">
     <span class='ocr_line' id='line_1_2' title="bbox 175 181 1290 235; baseline 0.001 -13"><span class='ocrx_word' id='word_1_6' title='bbox 175 182 314 222; x_wconf 84' lang='lat' dir='ltr'><strong>amoris</strong></span> <span class='ocrx_word' id='word_1_7' title='bbox 331 182 372 220; x_wconf 90' lang='lat' dir='ltr'><strong>in</strong></span> <span class='ocrx_word' id='word_1_8' title='bbox 390 184 682 235; x_wconf 85' lang='lat' dir='ltr'>rempublicam,</span> <span class='ocrx_word' id='word_1_9' title='bbox 703 184 790 235; x_wconf 91' lang='lat' dir='ltr'><strong>plus</strong></span> <span class='ocrx_word' id='word_1_10' title='bbox 808 183 1017 235; x_wconf 86' lang='lat' dir='ltr'><strong>gravitatis,</strong></span> <span class='ocrx_word' id='word_1_11' title='bbox 1042 182 1170 221; x_wconf 83' lang='lat' dir='ltr'><strong>fuisse.</strong></span> <span class='ocrx_word' id='word_1_12' title='bbox 1199 181 1290 231; x_wconf 80' lang='lat' dir='ltr'><strong>Sed,</strong></span> 
     </span>
    </p>

    <p class='ocr_par' dir='ltr' id='par_1_3' title="bbox 174 211 1297 503">
     <span class='ocr_line' id='line_1_3' title="bbox 175 211 1297 289; baseline 0 -15"><span class='ocrx_word' id='word_1_13' title='bbox 175 237 267 288; x_wconf 86' lang='lat' dir='ltr'><strong>quia</strong></span> <span class='ocrx_word' id='word_1_14' title='bbox 296 244 385 274; x_wconf 90' lang='lat' dir='ltr'><strong>sunt</strong></span> <span class='ocrx_word' id='word_1_15' title='bbox 414 237 589 289; x_wconf 81' lang='lat' dir='ltr'><strong>descripti</strong></span> <span class='ocrx_word' id='word_1_16' title='bbox 619 238 847 285; x_wconf 89' lang='lat' dir='ltr'><strong>consulares,</strong></span> <span class='ocrx_word' id='word_1_17' title='bbox 878 237 925 276; x_wconf 89' lang='lat' dir='ltr'><strong>de</strong></span> <span class='ocrx_word' id='word_1_18' title='bbox 946 237 1005 275; x_wconf 86' lang='lat' dir='ltr'><strong>his</strong></span> <span class='ocrx_word' id='word_1_19' title='bbox 1024 243 1175 275; x_wconf 81' lang='lat' dir='ltr'><strong>tantum</strong></span> <span class='ocrx_word' id='word_1_20' title='bbox 1193 211 1297 274; x_wconf 79' lang='lat' dir='ltr'><strong>mihi</strong></span> 
     </span>
     <span class='ocr_line' id='line_1_4' title="bbox 175 290 1292 343; baseline 0 -15"><span class='ocrx_word' id='word_1_21' title='bbox 175 290 379 329; x_wconf 90' lang='lat' dir='ltr'><strong>dicendum</strong></span> <span class='ocrx_word' id='word_1_22' title='bbox 397 291 543 342; x_wconf 87' lang='lat' dir='ltr'><strong>putavi,</strong></span> <span class='ocrx_word' id='word_1_23' title='bbox 561 292 664 343; x_wconf 91' lang='lat' dir='ltr'><strong>quod</strong></span> <span class='ocrx_word' id='word_1_24' title='bbox 677 291 764 329; x_wconf 86' lang='lat' dir='ltr'><strong>satis</strong></span> <span class='ocrx_word' id='word_1_25' title='bbox 779 298 897 336; x_wconf 80' lang='lat' dir='ltr'><strong>esset3</strong></span> <span class='ocrx_word' id='word_1_26' title='bbox 928 297 1127 328; x_wconf 84' lang='lat' dir='ltr'><strong>attestante</strong></span> <span class='ocrx_word' id='word_1_27' title='bbox 1144 302 1292 328; x_wconf 90' lang='lat' dir='ltr'><strong>memo-</strong></span> 
     </span>
     <span class='ocr_line' id='line_1_5' title="bbox 175 343 1293 395; baseline -0.001 -13"><span class='ocrx_word' id='word_1_28' title='bbox 175 344 234 382; x_wconf 87' lang='lat' dir='ltr'><strong>ria</strong></span> <span class='ocrx_word' id='word_1_29' title='bbox 245 344 434 390; x_wconf 88' lang='lat' dir='ltr'><strong>omnium,</strong></span> <span class='ocrx_word' id='word_1_30' title='bbox 450 345 641 383; x_wconf 90' lang='lat' dir='ltr'><strong>neminem</strong></span> <span class='ocrx_word' id='word_1_31' title='bbox 659 358 737 383; x_wconf 89' lang='lat' dir='ltr'><strong>esse</strong></span> <span class='ocrx_word' id='word_1_32' title='bbox 757 358 803 383; x_wconf 83' lang='lat' dir='ltr'><strong>ex</strong></span> <span class='ocrx_word' id='word_1_33' title='bbox 823 345 889 382; x_wconf 84' lang='grc'>1110</span> <span class='ocrx_word' id='word_1_34' title='bbox 902 343 1055 382; x_wconf 83' lang='lat' dir='ltr'><strong>honoris</strong></span> <span class='ocrx_word' id='word_1_35' title='bbox 1073 343 1210 394; x_wconf 86' lang='lat' dir='ltr'><strong>gradu,</strong></span> <span class='ocrx_word' id='word_1_36' title='bbox 1223 343 1293 395; x_wconf 92' lang='lat' dir='ltr'><strong>qui</strong></span> 
     </span>
     <span class='ocr_line' id='line_1_6' title="bbox 176 396 1294 447; baseline -0.001 -12"><span class='ocrx_word' id='word_1_37' title='bbox 176 410 254 436; x_wconf 92' lang='lat' dir='ltr'><strong>non</strong></span> <span class='ocrx_word' id='word_1_38' title='bbox 272 398 377 436; x_wconf 91' lang='lat' dir='ltr'><strong>omni</strong></span> <span class='ocrx_word' id='word_1_39' title='bbox 403 398 538 442; x_wconf 90' lang='lat' dir='ltr'><strong>studio,</strong></span> <span class='ocrx_word' id='word_1_40' title='bbox 561 398 712 446; x_wconf 87' lang='lat' dir='ltr'><strong>virtute,</strong></span> <span class='ocrx_word' id='word_1_41' title='bbox 740 398 974 447; x_wconf 87' lang='lat' dir='ltr'><strong>auctoritate,</strong></span> <span class='ocrx_word' id='word_1_42' title='bbox 1001 397 1217 436; x_wconf 87' lang='lat' dir='ltr'><strong>incubuerit</strong></span> <span class='ocrx_word' id='word_1_43' title='bbox 1243 396 1294 435; x_wconf 83' lang='lat' dir='ltr'><strong>ad</strong></span> 
     </span>
     <span class='ocr_line' id='line_1_7' title="bbox 174 451 775 503; baseline -0.002 -14"><span class='ocrx_word' id='word_1_44' title='bbox 174 451 451 503; x_wconf 87' lang='lat' dir='ltr'><strong>rempublicam</strong></span> <span class='ocrx_word' id='word_1_45' title='bbox 470 452 775 490; x_wconf 85' lang='lat' dir='ltr'><strong>conservandam.</strong></span> 
     </span>
    </p>

    <p class='ocr_par' dir='ltr' id='par_1_4' title="bbox 175 503 1298 1626">
     <span class='ocr_line' id='line_1_8' title="bbox 229 503 1291 557; baseline 0 -14"><span class='ocrx_word' id='word_1_46' title='bbox 229 505 369 543; x_wconf 86' lang='lat' dir='ltr'>XXX.</span> <span class='ocrx_word' id='word_1_47' title='bbox 398 505 474 545; x_wconf 88' lang='lat' dir='ltr'><strong>Sed</strong></span> <span class='ocrx_word' id='word_1_48' title='bbox 489 506 610 557; x_wconf 78' lang='lat' dir='ltr'><strong>quid?</strong></span> <span class='ocrx_word' id='word_1_49' title='bbox 630 519 713 556; x_wconf 89' lang='lat' dir='ltr'><strong>ego,</strong></span> <span class='ocrx_word' id='word_1_50' title='bbox 729 506 797 557; x_wconf 91' lang='lat' dir='ltr'><strong>qui</strong></span> <span class='ocrx_word' id='word_1_51' title='bbox 809 505 1015 544; x_wconf 82' lang='lat' dir='ltr'><strong>Catilinam</strong></span> <span class='ocrx_word' id='word_1_52' title='bbox 1029 517 1106 542; x_wconf 91' lang='lat' dir='ltr'><strong>non</strong></span> <span class='ocrx_word' id='word_1_53' title='bbox 1120 503 1291 552; x_wconf 87' lang='lat' dir='ltr'><strong>laudavi,</strong></span> 
     </span>
     <span class='ocr_line' id='line_1_9' title="bbox 176 557 1294 610; baseline -0.001 -14"><span class='ocrx_word' id='word_1_54' title='bbox 176 559 244 610; x_wconf 91' lang='lat' dir='ltr'><strong>qui</strong></span> <span class='ocrx_word' id='word_1_55' title='bbox 272 572 335 597; x_wconf 89' lang='lat' dir='ltr'><strong>reo</strong></span> <span class='ocrx_word' id='word_1_56' title='bbox 366 559 541 597; x_wconf 86' lang='lat' dir='ltr'><strong>Catilinae</strong></span> <span class='ocrx_word' id='word_1_57' title='bbox 559 560 691 597; x_wconf 90' lang='lat' dir='ltr'><strong>consul</strong></span> <span class='ocrx_word' id='word_1_58' title='bbox 715 572 792 597; x_wconf 91' lang='lat' dir='ltr'><strong>non</strong></span> <span class='ocrx_word' id='word_1_59' title='bbox 812 559 919 606; x_wconf 85' lang='lat' dir='ltr'><strong>affui,</strong></span> <span class='ocrx_word' id='word_1_60' title='bbox 946 559 1014 610; x_wconf 92' lang='lat' dir='ltr'><strong>qui</strong></span> <span class='ocrx_word' id='word_1_61' title='bbox 1031 557 1294 596; x_wconf 86' lang='lat' dir='ltr'><strong>testimonium</strong></span> 
     </span>
     <span class='ocr_line' id='line_1_10' title="bbox 176 612 1297 661; baseline 0 -11"><span class='ocrx_word' id='word_1_62' title='bbox 176 613 223 650; x_wconf 91' lang='lat' dir='ltr'><strong>de</strong></span> <span class='ocrx_word' id='word_1_63' title='bbox 242 612 501 661; x_wconf 84' lang='lat' dir='ltr'><strong>conjuratione</strong></span> <span class='ocrx_word' id='word_1_64' title='bbox 520 612 600 650; x_wconf 82' lang='lat' dir='ltr'><strong>dixi</strong></span> <span class='ocrx_word' id='word_1_65' title='bbox 619 612 659 650; x_wconf 91' lang='lat' dir='ltr'><strong>in</strong></span> <span class='ocrx_word' id='word_1_66' title='bbox 686 613 792 659; x_wconf 86' lang='lat' dir='ltr'><strong>alios,</strong></span> <span class='ocrx_word' id='word_1_67' title='bbox 823 613 965 651; x_wconf 85' lang='lat' dir='ltr'><strong>adeone</strong></span> <span class='ocrx_word' id='word_1_68' title='bbox 982 612 1088 650; x_wconf 90' lang='lat' dir='ltr'><strong>vobis</strong></span> <span class='ocrx_word' id='word_1_69' title='bbox 1107 612 1254 649; x_wconf 87' lang='lat' dir='ltr'><strong>alienus</strong></span> <span class='ocrx_word' id='word_1_70' title='bbox 1271 625 1297 650; x_wconf 82' lang='lat' dir='ltr'><strong>a</strong></span> 
     </span>
     <span class='ocr_line' id='line_1_11' title="bbox 178 664 1296 715; baseline -0.001 -12"><span class='ocrx_word' id='word_1_71' title='bbox 178 666 351 713; x_wconf 87' lang='lat' dir='ltr'><strong>sanitate,</strong></span> <span class='ocrx_word' id='word_1_72' title='bbox 372 665 465 703; x_wconf 89' lang='lat' dir='ltr'><strong>adeo</strong></span> <span class='ocrx_word' id='word_1_73' title='bbox 477 666 617 704; x_wconf 83' lang='lat' dir='ltr'><strong>oblitus</strong></span> <span class='ocrx_word' id='word_1_74' title='bbox 628 667 847 715; x_wconf 81' lang='lat' dir='ltr'><strong>constantiae</strong></span> <span class='ocrx_word' id='word_1_75' title='bbox 859 679 969 714; x_wconf 89' lang='lat' dir='ltr'><strong>meae,</strong></span> <span class='ocrx_word' id='word_1_76' title='bbox 985 666 1079 703; x_wconf 88' lang='lat' dir='ltr'><strong>adeo</strong></span> <span class='ocrx_word' id='word_1_77' title='bbox 1092 664 1296 703; x_wconf 87' lang='lat' dir='ltr'><strong>immemor</strong></span> 
     </span>
     <span class='ocr_line' id='line_1_12' title="bbox 177 718 1297 769; baseline 0 -13"><span class='ocrx_word' id='word_1_78' title='bbox 177 732 307 757; x_wconf 87' lang='lat' dir='ltr'><strong>rerum</strong></span> <span class='ocrx_word' id='word_1_79' title='bbox 326 733 349 757; x_wconf 88' lang='lat' dir='ltr'><strong>a</strong></span> <span class='ocrx_word' id='word_1_80' title='bbox 366 731 429 756; x_wconf 91' lang='lat' dir='ltr'><strong>me</strong></span> <span class='ocrx_word' id='word_1_81' title='bbox 458 727 665 769; x_wconf 85' lang='lat' dir='ltr'><strong>gestarum,</strong></span> <span class='ocrx_word' id='word_1_82' title='bbox 697 733 775 758; x_wconf 87' lang='lat' dir='ltr'><strong>esse</strong></span> <span class='ocrx_word' id='word_1_83' title='bbox 794 719 936 766; x_wconf 90' lang='lat' dir='ltr'><strong>videor,</strong></span> <span class='ocrx_word' id='word_1_84' title='bbox 968 726 1025 764; x_wconf 90' lang='lat' dir='ltr'><strong>ut,</strong></span> <span class='ocrx_word' id='word_1_85' title='bbox 1055 731 1144 757; x_wconf 91' lang='lat' dir='ltr'><strong>cum</strong></span> <span class='ocrx_word' id='word_1_86' title='bbox 1163 718 1297 757; x_wconf 88' lang='lat' dir='ltr'><strong>consul</strong></span> 
     </span>
     <span class='ocr_line' id='line_1_13' title="bbox 178 772 1297 823; baseline 0 -13"><span class='ocrx_word' id='word_1_87' title='bbox 178 773 325 810; x_wconf 90' lang='lat' dir='ltr'><strong>bellum</strong></span> <span class='ocrx_word' id='word_1_88' title='bbox 345 773 524 823; x_wconf 85' lang='lat' dir='ltr'><strong>gesserim</strong></span> <span class='ocrx_word' id='word_1_89' title='bbox 544 785 632 810; x_wconf 93' lang='lat' dir='ltr'><strong>cum</strong></span> <span class='ocrx_word' id='word_1_90' title='bbox 651 773 869 822; x_wconf 86' lang='lat' dir='ltr'><strong>conjuratis,</strong></span> <span class='ocrx_word' id='word_1_91' title='bbox 885 785 988 810; x_wconf 89' lang='lat' dir='ltr'><strong>nunc</strong></span> <span class='ocrx_word' id='word_1_92' title='bbox 1007 785 1140 810; x_wconf 91' lang='lat' dir='ltr'><strong>eorum</strong></span> <span class='ocrx_word' id='word_1_93' title='bbox 1158 772 1297 810; x_wconf 89' lang='lat' dir='ltr'><strong>ducem</strong></span> 
     </span>
     <span class='ocr_line' id='line_1_14' title="bbox 179 825 1296 876; baseline 0.001 -13"><span class='ocrx_word' id='word_1_94' title='bbox 179 839 396 864; x_wconf 89' lang='lat' dir='ltr'><strong>conservare</strong></span> <span class='ocrx_word' id='word_1_95' title='bbox 409 826 576 876; x_wconf 85' lang='lat' dir='ltr'><strong>cupiam,</strong></span> <span class='ocrx_word' id='word_1_96' title='bbox 593 834 630 864; x_wconf 92' lang='lat' dir='ltr'><strong>et</strong></span> <span class='ocrx_word' id='word_1_97' title='bbox 648 826 688 863; x_wconf 90' lang='lat' dir='ltr'><strong>in</strong></span> <span class='ocrx_word' id='word_1_98' title='bbox 703 826 877 864; x_wconf 89' lang='lat' dir='ltr'><strong>animum</strong></span> <span class='ocrx_word' id='word_1_99' title='bbox 891 825 1085 873; x_wconf 82' lang='lat' dir='ltr'><strong>inducam,</strong></span> <span class='ocrx_word' id='word_1_100' title='bbox 1101 826 1210 875; x_wconf 88' lang='lat' dir='ltr'><strong>cujus</strong></span> <span class='ocrx_word' id='word_1_101' title='bbox 1221 838 1296 864; x_wconf 90' lang='lat' dir='ltr'><strong>nu-</strong></span> 
     </span>
     <span class='ocr_line' id='line_1_15' title="bbox 177 878 1297 931; baseline 0.001 -15"><span class='ocrx_word' id='word_1_102' title='bbox 177 892 245 931; x_wconf 89' lang='lat' dir='ltr'><strong>per</strong></span> <span class='ocrx_word' id='word_1_103' title='bbox 257 879 402 917; x_wconf 82' lang='lat' dir='ltr'><strong>sermm</strong></span> <span class='ocrx_word' id='word_1_104' title='bbox 414 879 634 926; x_wconf 78' lang='lat' dir='ltr'><strong>retuderim,</strong></span> <span class='ocrx_word' id='word_1_105' title='bbox 644 880 919 930; x_wconf 87' lang='lat' dir='ltr'><strong>flammamque</strong></span> <span class='ocrx_word' id='word_1_106' title='bbox 930 878 1184 927; x_wconf 81' lang='lat' dir='ltr'><strong>restinxerim,</strong></span> <span class='ocrx_word' id='word_1_107' title='bbox 1193 880 1297 928; x_wconf 89' lang='lat' dir='ltr'><strong>ejus-</strong></span> 
     </span>
     <span class='ocr_line' id='line_1_16' title="bbox 179 932 1297 984; baseline 0.002 -15"><span class='ocrx_word' id='word_1_108' title='bbox 179 933 268 970; x_wconf 91' lang='lat' dir='ltr'><strong>dem</strong></span> <span class='ocrx_word' id='word_1_109' title='bbox 287 945 391 971; x_wconf 88' lang='lat' dir='ltr'><strong>nunc</strong></span> <span class='ocrx_word' id='word_1_110' title='bbox 409 945 563 971; x_wconf 86' lang='lat' dir='ltr'><strong>causam</strong></span> <span class='ocrx_word' id='word_1_111' title='bbox 582 933 778 984; x_wconf 89' lang='lat' dir='ltr'><strong>vitamque</strong></span> <span class='ocrx_word' id='word_1_112' title='bbox 797 932 1023 971; x_wconf 79' lang='lat' dir='ltr'><strong>defendere?</strong></span> <span class='ocrx_word' id='word_1_113' title='bbox 1052 933 1108 981; x_wconf 88' lang='lat' dir='ltr'><strong>Si,</strong></span> <span class='ocrx_word' id='word_1_114' title='bbox 1130 932 1297 976; x_wconf 89' lang='lat' dir='ltr'><strong>(medius</strong></span> 
     </span>
     <span class='ocr_line' id='line_1_17' title="bbox 177 985 1298 1037; baseline 0.001 -14"><span class='ocrx_word' id='word_1_115' title='bbox 177 986 308 1034; x_wconf 91' lang='lat' dir='ltr'><strong>fidius)</strong></span> <span class='ocrx_word' id='word_1_116' title='bbox 330 986 492 1035; x_wconf 86' lang='lat' dir='ltr'><strong>judices,</strong></span> <span class='ocrx_word' id='word_1_117' title='bbox 512 999 588 1024; x_wconf 90' lang='lat' dir='ltr'><strong>non</strong></span> <span class='ocrx_word' id='word_1_118' title='bbox 608 999 671 1024; x_wconf 87' lang='lat' dir='ltr'><strong>me</strong></span> <span class='ocrx_word' id='word_1_119' title='bbox 689 987 771 1037; x_wconf 87' lang='lat' dir='ltr'><strong>ipsa</strong></span> <span class='ocrx_word' id='word_1_120' title='bbox 790 985 1015 1037; x_wconf 84' lang='lat' dir='ltr'><strong>respublica,</strong></span> <span class='ocrx_word' id='word_1_121' title='bbox 1042 986 1137 1024; x_wconf 88' lang='lat' dir='ltr'><strong>meis</strong></span> <span class='ocrx_word' id='word_1_122' title='bbox 1155 986 1298 1024; x_wconf 83' lang='lat' dir='ltr'><strong>labori-</strong></span> 
     </span>
     <span class='ocr_line' id='line_1_18' title="bbox 178 1039 1298 1090; baseline 0 -12"><span class='ocrx_word' id='word_1_123' title='bbox 178 1041 250 1078; x_wconf 91' lang='lat' dir='ltr'><strong>bus</strong></span> <span class='ocrx_word' id='word_1_124' title='bbox 270 1047 307 1077; x_wconf 88' lang='lat' dir='ltr'><strong>et</strong></span> <span class='ocrx_word' id='word_1_125' title='bbox 324 1039 500 1090; x_wconf 87' lang='lat' dir='ltr'><strong>periculis</strong></span> <span class='ocrx_word' id='word_1_126' title='bbox 528 1047 759 1087; x_wconf 85' lang='lat' dir='ltr'><strong>conservata,</strong></span> <span class='ocrx_word' id='word_1_127' title='bbox 789 1040 838 1077; x_wconf 86' lang='lat' dir='ltr'><strong>ad</strong></span> <span class='ocrx_word' id='word_1_128' title='bbox 866 1040 1091 1090; x_wconf 79' lang='lat' dir='ltr'><strong>gravitatem</strong></span> <span class='ocrx_word' id='word_1_129' title='bbox 1120 1039 1240 1077; x_wconf 86' lang='lat' dir='ltr'><strong>animi</strong></span> <span class='ocrx_word' id='word_1_130' title='bbox 1259 1046 1298 1078; x_wconf 86' lang='lat' dir='ltr'><strong>et</strong></span> 
     </span>
     <span class='ocr_line' id='line_1_19' title="bbox 178 1092 1297 1144; baseline -0.001 -13"><span class='ocrx_word' id='word_1_131' title='bbox 178 1092 429 1131; x_wconf 83' lang='lat' dir='ltr'><strong>constantiam</strong></span> <span class='ocrx_word' id='word_1_132' title='bbox 449 1106 518 1131; x_wconf 85' lang='lat' dir='ltr'><strong>sua</strong></span> <span class='ocrx_word' id='word_1_133' title='bbox 546 1093 729 1144; x_wconf 86' lang='lat' dir='ltr'><strong>dignitate</strong></span> <span class='ocrx_word' id='word_1_134' title='bbox 747 1100 960 1139; x_wconf 80' lang='lat' dir='ltr'><strong>revocaret3</strong></span> <span class='ocrx_word' id='word_1_135' title='bbox 991 1100 1120 1132; x_wconf 87' lang='lat' dir='ltr'><strong>tamen</strong></span> <span class='ocrx_word' id='word_1_136' title='bbox 1137 1093 1210 1132; x_wconf 91' lang='lat' dir='ltr'><strong>hoc</strong></span> <span class='ocrx_word' id='word_1_137' title='bbox 1227 1105 1297 1131; x_wconf 89' lang='lat' dir='ltr'><strong>na-</strong></span> 
     </span>
     <span class='ocr_line' id='line_1_20' title="bbox 179 1145 1295 1198; baseline 0 -14"><span class='ocrx_word' id='word_1_138' title='bbox 179 1145 264 1185; x_wconf 88' lang='lat' dir='ltr'><strong>tura</strong></span> <span class='ocrx_word' id='word_1_139' title='bbox 283 1153 337 1184; x_wconf 87' lang='lat' dir='ltr'><strong>est</strong></span> <span class='ocrx_word' id='word_1_140' title='bbox 355 1146 528 1194; x_wconf 84' lang='lat' dir='ltr'><strong>insitum,</strong></span> <span class='ocrx_word' id='word_1_141' title='bbox 550 1154 607 1193; x_wconf 90' lang='lat' dir='ltr'><strong>ut,</strong></span> <span class='ocrx_word' id='word_1_142' title='bbox 628 1160 745 1198; x_wconf 91' lang='lat' dir='ltr'><strong>quem</strong></span> <span class='ocrx_word' id='word_1_143' title='bbox 764 1147 948 1195; x_wconf 84' lang='lat' dir='ltr'><strong>timueris,</strong></span> <span class='ocrx_word' id='word_1_144' title='bbox 970 1149 1130 1198; x_wconf 85' lang='lat' dir='ltr'><strong>qulcum</strong></span> <span class='ocrx_word' id='word_1_145' title='bbox 1149 1146 1196 1185; x_wconf 90' lang='lat' dir='ltr'><strong>de</strong></span> <span class='ocrx_word' id='word_1_146' title='bbox 1214 1147 1295 1185; x_wconf 88' lang='lat' dir='ltr'><strong>vita.</strong></span> 
     </span>
     <span class='ocr_line' id='line_1_21' title="bbox 175 1175 1295 1250; baseline 0 -12"><span class='ocrx_word' id='word_1_147' title='bbox 175 1200 414 1250; x_wconf 88' lang='lat' dir='ltr'><strong>fortunisque</strong></span> <span class='ocrx_word' id='word_1_148' title='bbox 446 1175 693 1249; x_wconf 83' lang='lat' dir='ltr'><strong>contenderis,</strong></span> <span class='ocrx_word' id='word_1_149' title='bbox 728 1201 837 1249; x_wconf 88' lang='lat' dir='ltr'><strong>cujus</strong></span> <span class='ocrx_word' id='word_1_150' title='bbox 867 1214 914 1238; x_wconf 86' lang='lat' dir='ltr'><strong>ex</strong></span> <span class='ocrx_word' id='word_1_151' title='bbox 943 1200 1088 1238; x_wconf 88' lang='lat' dir='ltr'><strong>insidiis</strong></span> <span class='ocrx_word' id='word_1_152' title='bbox 1121 1200 1295 1248; x_wconf 83' lang='lat' dir='ltr'><strong>evaseris,</strong></span> 
     </span>
     <span class='ocr_line' id='line_1_22' title="bbox 177 1253 1296 1304; baseline 0.002 -13"><span class='ocrx_word' id='word_1_153' title='bbox 177 1253 281 1291; x_wconf 91' lang='lat' dir='ltr'><strong>hunc</strong></span> <span class='ocrx_word' id='word_1_154' title='bbox 310 1265 457 1304; x_wconf 79' lang='lat' dir='ltr'><strong>semper</strong></span> <span class='ocrx_word' id='word_1_155' title='bbox 486 1253 618 1291; x_wconf 88' lang='lat' dir='ltr'><strong>oderis.</strong></span> <span class='ocrx_word' id='word_1_156' title='bbox 659 1253 749 1301; x_wconf 90' lang='lat' dir='ltr'><strong>Sed,</strong></span> <span class='ocrx_word' id='word_1_157' title='bbox 777 1266 866 1291; x_wconf 88' lang='lat' dir='ltr'><strong>cum</strong></span> <span class='ocrx_word' id='word_1_158' title='bbox 885 1260 1019 1304; x_wconf 89' lang='lat' dir='ltr'><strong>agatur</strong></span> <span class='ocrx_word' id='word_1_159' title='bbox 1048 1254 1168 1291; x_wconf 90' lang='lat' dir='ltr'><strong>honos</strong></span> <span class='ocrx_word' id='word_1_160' title='bbox 1186 1266 1296 1293; x_wconf 90' lang='lat' dir='ltr'><strong>meus</strong></span> 
     </span>
     <span class='ocr_line' id='line_1_23' title="bbox 177 1306 1296 1367; baseline 0.003 -24"><span class='ocrx_word' id='word_1_161' title='bbox 177 1306 450 1367; x_wconf 82' lang='lat' dir='ltr'><strong>amplissimus,</strong></span> <span class='ocrx_word' id='word_1_162' title='bbox 463 1306 583 1357; x_wconf 87' lang='lat' dir='ltr'><strong>gloria</strong></span> <span class='ocrx_word' id='word_1_163' title='bbox 594 1320 720 1345; x_wconf 89' lang='lat' dir='ltr'><strong>rerum</strong></span> <span class='ocrx_word' id='word_1_164' title='bbox 736 1315 929 1357; x_wconf 87' lang='lat' dir='ltr'><strong>gestarum</strong></span> <span class='ocrx_word' id='word_1_165' title='bbox 942 1307 1143 1358; x_wconf 84' lang='lat' dir='ltr'><strong>singularis</strong></span> <span class='ocrx_word' id='word_1_166' title='bbox 1156 1321 1168 1353; x_wconf 82' lang='lat'>3</span> <span class='ocrx_word' id='word_1_167' title='bbox 1190 1320 1296 1355; x_wconf 84' lang='grc'>011111,</span> 
     </span>
     <span class='ocr_line' id='line_1_24' title="bbox 177 1360 1298 1411; baseline 0.001 -13"><span class='ocrx_word' id='word_1_168' title='bbox 177 1360 323 1411; x_wconf 89' lang='lat' dir='ltr'><strong>quoties</strong></span> <span class='ocrx_word' id='word_1_169' title='bbox 343 1360 547 1411; x_wconf 90' lang='lat' dir='ltr'><strong>quisquam</strong></span> <span class='ocrx_word' id='word_1_170' title='bbox 567 1367 621 1398; x_wconf 87' lang='lat' dir='ltr'><strong>est</strong></span> <span class='ocrx_word' id='word_1_171' title='bbox 649 1361 690 1398; x_wconf 93' lang='lat' dir='ltr'><strong>in</strong></span> <span class='ocrx_word' id='word_1_172' title='bbox 708 1360 779 1398; x_wconf 91' lang='lat' dir='ltr'><strong>hoc</strong></span> <span class='ocrx_word' id='word_1_173' title='bbox 798 1361 934 1398; x_wconf 88' lang='lat' dir='ltr'><strong>scelere</strong></span> <span class='ocrx_word' id='word_1_174' title='bbox 952 1361 1158 1408; x_wconf 89' lang='lat' dir='ltr'><strong>convictus,</strong></span> <span class='ocrx_word' id='word_1_175' title='bbox 1187 1361 1298 1400; x_wconf 88' lang='lat' dir='ltr'><strong>toties</strong></span> 
     </span>
     <span class='ocr_line' id='line_1_25' title="bbox 176 1414 1295 1466; baseline 0.003 -16"><span class='ocrx_word' id='word_1_176' title='bbox 176 1420 378 1451; x_wconf 88' lang='lat' dir='ltr'><strong>renovetur</strong></span> <span class='ocrx_word' id='word_1_177' title='bbox 396 1414 580 1451; x_wconf 87' lang='lat' dir='ltr'><strong>memoria</strong></span> <span class='ocrx_word' id='word_1_178' title='bbox 598 1427 665 1465; x_wconf 87' lang='lat' dir='ltr'><strong>per</strong></span> <span class='ocrx_word' id='word_1_179' title='bbox 682 1427 746 1452; x_wconf 90' lang='lat' dir='ltr'><strong>me</strong></span> <span class='ocrx_word' id='word_1_180' title='bbox 764 1414 929 1458; x_wconf 81' lang='lat' dir='ltr'><strong>inventae</strong></span> <span class='ocrx_word' id='word_1_181' title='bbox 947 1415 1103 1460; x_wconf 82' lang='lat' dir='ltr'><strong>salutis3</strong></span> <span class='ocrx_word' id='word_1_182' title='bbox 1134 1427 1204 1466; x_wconf 89' lang='lat' dir='ltr'><strong>ego</strong></span> <span class='ocrx_word' id='word_1_183' title='bbox 1222 1415 1295 1453; x_wconf 91' lang='lat' dir='ltr'><strong>sim</strong></span> 
     </span>
     <span class='ocr_line' id='line_1_26' title="bbox 176 1464 1298 1520; baseline 0.003 -16"><span class='ocrx_word' id='word_1_184' title='bbox 176 1464 257 1504; x_wconf 83' lang='grc'>13111</span> <span class='ocrx_word' id='word_1_185' title='bbox 277 1467 459 1505; x_wconf 82' lang='lat' dir='ltr'><strong>demens?</strong></span> <span class='ocrx_word' id='word_1_186' title='bbox 489 1480 558 1518; x_wconf 88' lang='lat' dir='ltr'><strong>ego</strong></span> <span class='ocrx_word' id='word_1_187' title='bbox 578 1468 828 1515; x_wconf 86' lang='lat' dir='ltr'><strong>committam,</strong></span> <span class='ocrx_word' id='word_1_188' title='bbox 845 1476 890 1506; x_wconf 90' lang='lat' dir='ltr'><strong>ut</strong></span> <span class='ocrx_word' id='word_1_189' title='bbox 908 1481 965 1516; x_wconf 84' lang='lat' dir='ltr'><strong>ea,</strong></span> <span class='ocrx_word' id='word_1_190' title='bbox 986 1482 1072 1520; x_wconf 89' lang='lat' dir='ltr'><strong>quae</strong></span> <span class='ocrx_word' id='word_1_191' title='bbox 1090 1481 1160 1520; x_wconf 91' lang='lat' dir='ltr'><strong>pro</strong></span> <span class='ocrx_word' id='word_1_192' title='bbox 1175 1469 1298 1507; x_wconf 88' lang='lat' dir='ltr'><strong>salute</strong></span> 
     </span>
     <span class='ocr_line' id='line_1_27' title="bbox 177 1520 1293 1575; baseline 0.004 -18"><span class='ocrx_word' id='word_1_193' title='bbox 177 1520 352 1558; x_wconf 83' lang='lat' dir='ltr'><strong>omnium</strong></span> <span class='ocrx_word' id='word_1_194' title='bbox 382 1520 493 1571; x_wconf 86' lang='lat' dir='ltr'><strong>gessi,</strong></span> <span class='ocrx_word' id='word_1_195' title='bbox 525 1534 613 1559; x_wconf 88' lang='lat' dir='ltr'><strong>casu</strong></span> <span class='ocrx_word' id='word_1_196' title='bbox 631 1522 753 1572; x_wconf 87' lang='lat' dir='ltr'><strong>magis</strong></span> <span class='ocrx_word' id='word_1_197' title='bbox 774 1529 810 1560; x_wconf 89' lang='lat' dir='ltr'><strong>et</strong></span> <span class='ocrx_word' id='word_1_198' title='bbox 828 1521 1005 1560; x_wconf 85' lang='lat' dir='ltr'><strong>felicitate</strong></span> <span class='ocrx_word' id='word_1_199' title='bbox 1023 1535 1046 1560; x_wconf 88' lang='lat' dir='ltr'><strong>a</strong></span> <span class='ocrx_word' id='word_1_200' title='bbox 1067 1535 1144 1572; x_wconf 91' lang='lat' dir='ltr'><strong>me,</strong></span> <span class='ocrx_word' id='word_1_201' title='bbox 1174 1535 1293 1575; x_wconf 82' lang='lat' dir='ltr'><strong>quam</strong></span> 
     </span>
     <span class='ocr_line' id='line_1_28' title="bbox 177 1574 1032 1626; baseline 0.002 -15"><span class='ocrx_word' id='word_1_202' title='bbox 177 1574 317 1612; x_wconf 87' lang='lat' dir='ltr'><strong>virtute</strong></span> <span class='ocrx_word' id='word_1_203' title='bbox 336 1581 373 1611; x_wconf 90' lang='lat' dir='ltr'><strong>et</strong></span> <span class='ocrx_word' id='word_1_204' title='bbox 392 1574 559 1622; x_wconf 90' lang='lat' dir='ltr'><strong>consilio,</strong></span> <span class='ocrx_word' id='word_1_205' title='bbox 580 1582 686 1626; x_wconf 88' lang='lat' dir='ltr'><strong>gesta</strong></span> <span class='ocrx_word' id='word_1_206' title='bbox 704 1588 782 1613; x_wconf 90' lang='lat' dir='ltr'><strong>esse</strong></span> <span class='ocrx_word' id='word_1_207' title='bbox 801 1575 1032 1614; x_wconf 82' lang='lat' dir='ltr'><strong>videantur?</strong></span> 
     </span>
    </p>

    <p class='ocr_par' dir='ltr' id='par_1_5' title="bbox 174 1627 1297 2162">
     <span class='ocr_line' id='line_1_29' title="bbox 231 1627 1297 1682; baseline 0.005 -18"><span class='ocrx_word' id='word_1_208' title='bbox 231 1627 339 1675; x_wconf 87' lang='lat' dir='ltr'><strong>Quid</strong></span> <span class='ocrx_word' id='word_1_209' title='bbox 365 1628 484 1678; x_wconf 85' lang='lat' dir='ltr'><strong>ergo?</strong></span> <span class='ocrx_word' id='word_1_210' title='bbox 513 1628 585 1667; x_wconf 93' lang='lat' dir='ltr'><strong>hoc</strong></span> <span class='ocrx_word' id='word_1_211' title='bbox 614 1629 683 1667; x_wconf 91' lang='lat' dir='ltr'><strong>tibi</strong></span> <span class='ocrx_word' id='word_1_212' title='bbox 713 1628 845 1678; x_wconf 89' lang='lat' dir='ltr'><strong>sumis,</strong></span> <span class='ocrx_word' id='word_1_213' title='bbox 877 1629 975 1667; x_wconf 90' lang='lat' dir='ltr'><strong>dicet</strong></span> <span class='ocrx_word' id='word_1_214' title='bbox 1006 1629 1162 1668; x_wconf 84' lang='lat' dir='ltr'><strong>fortasse</strong></span> <span class='ocrx_word' id='word_1_215' title='bbox 1190 1629 1297 1682; x_wconf 89' lang='lat' dir='ltr'><strong>quis-</strong></span> 
     </span>
     <span class='ocr_line' id='line_1_30' title="bbox 176 1681 1295 1733; baseline 0.004 -15"><span class='ocrx_word' id='word_1_216' title='bbox 176 1681 297 1732; x_wconf 89' lang='lat' dir='ltr'><strong>piam,</strong></span> <span class='ocrx_word' id='word_1_217' title='bbox 328 1688 385 1729; x_wconf 89' lang='lat' dir='ltr'><strong>ut,</strong></span> <span class='ocrx_word' id='word_1_218' title='bbox 418 1682 509 1732; x_wconf 89' lang='lat' dir='ltr'><strong>quia</strong></span> <span class='ocrx_word' id='word_1_219' title='bbox 538 1689 581 1720; x_wconf 91' lang='lat' dir='ltr'><strong>tu</strong></span> <span class='ocrx_word' id='word_1_220' title='bbox 610 1683 834 1731; x_wconf 85' lang='lat' dir='ltr'><strong>defenderis,</strong></span> <span class='ocrx_word' id='word_1_221' title='bbox 864 1682 1043 1722; x_wconf 89' lang='lat' dir='ltr'><strong>innocens</strong></span> <span class='ocrx_word' id='word_1_222' title='bbox 1070 1683 1295 1733; x_wconf 81' lang='lat' dir='ltr'><strong>judicetur?</strong></span> 
     </span>
     <span class='ocr_line' id='line_1_31' title="bbox 177 1735 1296 1785; baseline 0.004 -13"><span class='ocrx_word' id='word_1_223' title='bbox 177 1735 264 1785; x_wconf 88' lang='lat' dir='ltr'><strong>Ego</strong></span> <span class='ocrx_word' id='word_1_224' title='bbox 283 1748 385 1781; x_wconf 87' lang='lat' dir='ltr'><strong>vero,</strong></span> <span class='ocrx_word' id='word_1_225' title='bbox 402 1736 563 1784; x_wconf 89' lang='lat' dir='ltr'><strong>judices,</strong></span> <span class='ocrx_word' id='word_1_226' title='bbox 592 1748 669 1773; x_wconf 89' lang='lat' dir='ltr'><strong>non</strong></span> <span class='ocrx_word' id='word_1_227' title='bbox 687 1736 802 1774; x_wconf 90' lang='lat' dir='ltr'><strong>modo</strong></span> <span class='ocrx_word' id='word_1_228' title='bbox 828 1736 925 1774; x_wconf 88' lang='lat' dir='ltr'><strong>nihil</strong></span> <span class='ocrx_word' id='word_1_229' title='bbox 951 1737 1049 1775; x_wconf 90' lang='lat' dir='ltr'><strong>mihi</strong></span> <span class='ocrx_word' id='word_1_230' title='bbox 1067 1751 1233 1785; x_wconf 89' lang='lat' dir='ltr'><strong>assumo,</strong></span> <span class='ocrx_word' id='word_1_231' title='bbox 1253 1738 1296 1776; x_wconf 92' lang='lat' dir='ltr'><strong>in</strong></span> 
     </span>
     <span class='ocr_line' id='line_1_32' title="bbox 178 1788 1297 1841; baseline 0.004 -16"><span class='ocrx_word' id='word_1_232' title='bbox 178 1801 255 1839; x_wconf 92' lang='lat' dir='ltr'><strong>quo</strong></span> <span class='ocrx_word' id='word_1_233' title='bbox 275 1788 465 1839; x_wconf 83' lang='lat' dir='ltr'><strong>quispiam</strong></span> <span class='ocrx_word' id='word_1_234' title='bbox 480 1797 690 1841; x_wconf 87' lang='lat' dir='ltr'><strong>repugnet;</strong></span> <span class='ocrx_word' id='word_1_235' title='bbox 722 1790 928 1838; x_wconf 88' lang='lat' dir='ltr'><strong>sedetiam,</strong></span> <span class='ocrx_word' id='word_1_236' title='bbox 945 1791 976 1829; x_wconf 92' lang='lat' dir='ltr'><strong>si</strong></span> <span class='ocrx_word' id='word_1_237' title='bbox 991 1791 1085 1841; x_wconf 86' lang='lat' dir='ltr'><strong>quid</strong></span> <span class='ocrx_word' id='word_1_238' title='bbox 1103 1793 1151 1830; x_wconf 87' lang='lat' dir='ltr'><strong>ab</strong></span> <span class='ocrx_word' id='word_1_239' title='bbox 1171 1791 1297 1830; x_wconf 90' lang='lat' dir='ltr'><strong>omni-</strong></span> 
     </span>
     <span class='ocr_line' id='line_1_33' title="bbox 176 1842 1297 1891; baseline 0.004 -11"><span class='ocrx_word' id='word_1_240' title='bbox 176 1843 248 1880; x_wconf 86' lang='lat' dir='ltr'><strong>bus</strong></span> <span class='ocrx_word' id='word_1_241' title='bbox 268 1842 497 1891; x_wconf 82' lang='lat' dir='ltr'><strong>conceditur,</strong></span> <span class='ocrx_word' id='word_1_242' title='bbox 524 1843 564 1880; x_wconf 92' lang='lat' dir='ltr'><strong>id</strong></span> <span class='ocrx_word' id='word_1_243' title='bbox 588 1843 705 1881; x_wconf 91' lang='lat' dir='ltr'><strong>reddo</strong></span> <span class='ocrx_word' id='word_1_244' title='bbox 725 1856 768 1882; x_wconf 91' lang='lat' dir='ltr'><strong>ac</strong></span> <span class='ocrx_word' id='word_1_245' title='bbox 790 1844 953 1882; x_wconf 80' lang='lat' dir='ltr'><strong>remitto.</strong></span> <span class='ocrx_word' id='word_1_246' title='bbox 995 1845 1124 1883; x_wconf 90' lang='grc' dir='ltr'><strong>Νο11</strong></span> <span class='ocrx_word' id='word_1_247' title='bbox 1113 1858 1154 1883; x_wconf 89' lang='grc'><strong>111</strong></span> <span class='ocrx_word' id='word_1_248' title='bbox 1173 1845 1219 1884; x_wconf 82' lang='lat' dir='ltr'><strong>ea</strong></span> <span class='ocrx_word' id='word_1_249' title='bbox 1237 1858 1297 1884; x_wconf 90' lang='lat' dir='ltr'><strong>re-</strong></span> 
     </span>
     <span class='ocr_line' id='line_1_34' title="bbox 176 1895 1297 1950; baseline 0.005 -18"><span class='ocrx_word' id='word_1_250' title='bbox 176 1895 331 1945; x_wconf 86' lang='lat' dir='ltr'><strong>publica</strong></span> <span class='ocrx_word' id='word_1_251' title='bbox 350 1908 488 1943; x_wconf 88' lang='lat' dir='ltr'><strong>versor,</strong></span> <span class='ocrx_word' id='word_1_252' title='bbox 509 1908 586 1934; x_wconf 92' lang='lat' dir='ltr'><strong>non</strong></span> <span class='ocrx_word' id='word_1_253' title='bbox 605 1897 651 1935; x_wconf 90' lang='lat' dir='ltr'><strong>iis</strong></span> <span class='ocrx_word' id='word_1_254' title='bbox 676 1898 912 1948; x_wconf 85' lang='lat' dir='ltr'><strong>temporibus</strong></span> <span class='ocrx_word' id='word_1_255' title='bbox 934 1905 1050 1950; x_wconf 86' lang='lat' dir='ltr'><strong>caput</strong></span> <span class='ocrx_word' id='word_1_256' title='bbox 1077 1911 1210 1937; x_wconf 91' lang='lat' dir='ltr'><strong>meum</strong></span> <span class='ocrx_word' id='word_1_257' title='bbox 1227 1901 1297 1938; x_wconf 90' lang='lat' dir='ltr'><strong>ob-</strong></span> 
     </span>
     <span class='ocr_line' id='line_1_35' title="bbox 176 1949 1296 2000; baseline 0.005 -15"><span class='ocrx_word' id='word_1_258' title='bbox 176 1949 248 1985; x_wconf 89' lang='lat' dir='ltr'><strong>tuli</strong></span> <span class='ocrx_word' id='word_1_259' title='bbox 267 1962 336 1999; x_wconf 88' lang='lat' dir='ltr'><strong>pro</strong></span> <span class='ocrx_word' id='word_1_260' title='bbox 354 1949 478 1999; x_wconf 75' lang='lat' dir='ltr'><strong>patria</strong></span> <span class='ocrx_word' id='word_1_261' title='bbox 492 1950 668 2000; x_wconf 89' lang='lat' dir='ltr'><strong>periculis</strong></span> <span class='ocrx_word' id='word_1_262' title='bbox 680 1952 872 1999; x_wconf 86' lang='lat' dir='ltr'><strong>omnibus,</strong></span> <span class='ocrx_word' id='word_1_263' title='bbox 889 1964 966 1989; x_wconf 89' lang='lat' dir='ltr'><strong>non</strong></span> <span class='ocrx_word' id='word_1_264' title='bbox 978 1959 1046 1990; x_wconf 89' lang='lat' dir='ltr'><strong>aut</strong></span> <span class='ocrx_word' id='word_1_265' title='bbox 1059 1952 1113 1990; x_wconf 87' lang='lat' dir='ltr'><strong>ita</strong></span> <span class='ocrx_word' id='word_1_266' title='bbox 1127 1959 1217 1990; x_wconf 90' lang='lat' dir='ltr'><strong>sunt</strong></span> <span class='ocrx_word' id='word_1_267' title='bbox 1229 1965 1296 1991; x_wconf 86' lang='lat' dir='ltr'><strong>ex-</strong></span> 
     </span>
     <span class='ocr_line' id='line_1_36' title="bbox 175 2002 1296 2057; baseline 0.004 -18"><span class='ocrx_word' id='word_1_268' title='bbox 175 2002 315 2051; x_wconf 89' lang='lat' dir='ltr'><strong>stincti,</strong></span> <span class='ocrx_word' id='word_1_269' title='bbox 337 2015 433 2053; x_wconf 92' lang='lat' dir='ltr'><strong>quos</strong></span> <span class='ocrx_word' id='word_1_270' title='bbox 452 2004 538 2051; x_wconf 91' lang='lat' dir='ltr'><strong>vici,</strong></span> <span class='ocrx_word' id='word_1_271' title='bbox 567 2013 633 2042; x_wconf 88' lang='lat' dir='ltr'><strong>aut</strong></span> <span class='ocrx_word' id='word_1_272' title='bbox 650 2004 704 2042; x_wconf 87' lang='lat' dir='ltr'><strong>ita</strong></span> <span class='ocrx_word' id='word_1_273' title='bbox 721 2005 832 2055; x_wconf 87' lang='lat' dir='ltr'><strong>grati,</strong></span> <span class='ocrx_word' id='word_1_274' title='bbox 861 2019 956 2056; x_wconf 91' lang='lat' dir='ltr'><strong>quos</strong></span> <span class='ocrx_word' id='word_1_275' title='bbox 975 2006 1134 2054; x_wconf 90' lang='lat' dir='ltr'><strong>servavi,</strong></span> <span class='ocrx_word' id='word_1_276' title='bbox 1162 2013 1207 2044; x_wconf 90' lang='lat' dir='ltr'><strong>ut</strong></span> <span class='ocrx_word' id='word_1_277' title='bbox 1226 2019 1296 2057; x_wconf 88' lang='grc'><strong>030</strong></span> 
     </span>
     <span class='ocr_line' id='line_1_37' title="bbox 174 2055 1297 2117; baseline 0.006 -25"><span class='ocrx_word' id='word_1_278' title='bbox 174 2055 272 2093; x_wconf 84' lang='lat' dir='ltr'><strong>mihi</strong></span> <span class='ocrx_word' id='word_1_279' title='bbox 290 2056 378 2117; x_wconf 80' lang='lat' dir='ltr'><strong>plus</strong></span> <span class='ocrx_word' id='word_1_280' title='bbox 397 2064 573 2108; x_wconf 86' lang='lat' dir='ltr'><strong>appetere</strong></span> <span class='ocrx_word' id='word_1_281' title='bbox 591 2071 717 2107; x_wconf 88' lang='lat' dir='ltr'><strong>coner,</strong></span> <span class='ocrx_word' id='word_1_282' title='bbox 738 2071 856 2110; x_wconf 88' lang='lat' dir='ltr'><strong>quarn</strong></span> <span class='ocrx_word' id='word_1_283' title='bbox 876 2066 1068 2110; x_wconf 88' lang='lat' dir='ltr'><strong>quantum</strong></span> <span class='ocrx_word' id='word_1_284' title='bbox 1086 2072 1218 2098; x_wconf 88' lang='grc'>01111105</span> <span class='ocrx_word' id='word_1_285' title='bbox 1236 2059 1297 2098; x_wconf 90' lang='lat' dir='ltr'><strong>in·-</strong></span> 
     </span>
     <span class='ocr_line' id='line_1_38' title="bbox 175 2108 716 2162; baseline 0.006 -15"><span class='ocrx_word' id='word_1_286' title='bbox 175 2108 278 2148; x_wconf 88' lang='lat' dir='ltr'><strong>imici</strong></span> <span class='ocrx_word' id='word_1_287' title='bbox 297 2110 494 2161; x_wconf 88' lang='lat' dir='ltr'><strong>invidique</strong></span> <span class='ocrx_word' id='word_1_288' title='bbox 511 2111 716 2162; x_wconf 85' lang='lat' dir='ltr'><strong>patiantur.</strong></span> 
     </span>
    </p>
   </div>
   <div class='ocr_carea' id='block_1_3' title="bbox 229 2163 1297 2220">
    <p class='ocr_par' dir='ltr' id='par_1_6' title="bbox 229 2163 1297 2220">
     <span class='ocr_line' id='line_1_39' title="bbox 229 2163 1297 2220; baseline 0.006 -19"><span class='ocrx_word' id='word_1_289' title='bbox 229 2163 355 2203; x_wconf 77' lang='lat' dir='ltr'><strong>Grave</strong></span> <span class='ocrx_word' id='word_1_290' title='bbox 374 2177 453 2204; x_wconf 85' lang='lat' dir='ltr'><strong>esse</strong></span> <span class='ocrx_word' id='word_1_291' title='bbox 473 2164 676 2216; x_wconf 81' lang='lat' dir='ltr'><strong>videretur,</strong></span> <span class='ocrx_word' id='word_1_292' title='bbox 697 2179 801 2219; x_wconf 88' lang='lat' dir='ltr'><strong>eum,</strong></span> <span class='ocrx_word' id='word_1_293' title='bbox 822 2167 890 2220; x_wconf 88' lang='lat' dir='ltr'><strong>qui</strong></span> <span class='ocrx_word' id='word_1_294' title='bbox 909 2167 1147 2220; x_wconf 81' lang='lat' dir='ltr'><strong>investigarit</strong></span> <span class='ocrx_word' id='word_1_295' title='bbox 1164 2168 1297 2219; x_wconf 85' lang='lat' dir='ltr'><strong>conju-</strong></span> 
     </span>
    </p>
   </div>
  </div>
 </body>
</html>
