1435 2328
193 66 243 104 18
458 65 573 107 PRO
604 66 841 109 FLACCO.
865 70 969 111 CAP.
991 73 1064 112 18:

194 172 254 211 sui
278 184 356 211 non
384 172 513 223 fuerit,
544 174 646 213 idem
677 175 725 214 sit
752 178 877 228 gravis
905 188 1036 219 auctor
1089 182 1127 220 in
1127 183 1241 234 juu‘ae
1256 200 1330 240 pu.

190 226 302 266 blicae
315 229 332 266 Ρ

245 280 394 332 Atque,
408 281 470 319 hic
484 281 707 334 Dorylensis
722 297 844 336 nuper
856 299 945 324 cum
958 288 1151 329 efferretur
1165 295 1309 345 magna

192 333 420 385 frequentia,
435 349 685 388 consessuque
704 347 840 386 vestro,
857 341 988 379 mortis
1005 342 1107 382 illius
1125 345 1309 387 invidiam

193 387 234 424 in
267 387 314 425 L.
349 389 530 427 Flaccum
562 390 706 429 Laenas
737 392 962 432 conferebat.
1011 396 1122 436 Facis
1154 400 1308 452 injuste,

194 441 307 488 Laeli,
328 442 359 480 si
376 450 487 493 putas
517 444 684 493 periculo
711 453 837 484 nostro
857 447 981 486 vivere
1007 457 1092 489 tuos
1112 457 1311 494 contuber-

192 495 321 533 nales:
351 497 560 546 proesertim
581 498 683 548 quod
703 498 770 536 tua
789 501 1023 552 negligentia
1040 505 1186 545 factum
1211 510 1312 547 arbi-

193 556 361 586 tremur:
391 549 539 587 homini
559 551 661 589 enim
682 552 845 603 Phrygi,
866 556 933 605 qui
953 558 1125 596 arborem
1140 561 1201 599 fici
1213 575 1313 601 nun-

193 615 311 653 quam
323 603 490 651 vidisset,
507 604 677 642 fiscinam
689 606 855 644 ficorum
870 610 1059 658 objecisti:
1090 626 1134 651 cu
1135 616 1198 663 jus
1210 629 1312 657 mors

193 661 231 693 te
250 669 298 693 ex
316 657 447 707 aliqua
472 664 579 708 parte
596 659 786 697 relevavit:
840 662 991 700 edacem
1007 665 1106 702 enim
1128 667 1316 720 hospitem

193 709 363 748 amisisti.
395 710 531 748 Flacco
550 724 638 750 vero
650 712 744 763 quid
757 714 918 764 profuit,
935 717 1003 767 qui
1017 719 1137 758 valuit
1152 723 1312 774 tamdiu,

192 761 288 800 dum
300 763 376 802 huc
393 764 559 815 prodiret
573 778 584 810 3
622 774 797 804 mortuus
812 775 880 815 est,
897 771 1026 809 aculeo
1042 773 1125 822 jam
1140 775 1311 828 dimisso,
1355 782 1362 788 '

193 829 237 854 ac
254 816 355 855 dicto
374 817 590 856 testimonio
602 821 620 857 Ρ
651 820 710 857 At
723 819 829 858 istud
849 822 1023 862 columen
1048 827 1204 868 actionis
1222 837 1312 882 tuae,

193 869 454 918 Mithridates,
482 879 745 924 posteaquam,
781 875 946 914 biduum
970 885 1138 919 retentus
1163 884 1268 923 testis
1290 899 1314 925 a

192 923 318 972 nobis,
339 924 487 972 effudit,
509 938 596 976 quae
608 926 743 976 voluit,
764 929 918 975 omnia;
949 933 1210 985 reprehensus,
1224 951 1314 977 con-

193 976 329 1025 victus,
367 977 587 1030 fractusque
619 980 788 1019 discessit
804 995 816 1028 ς
846 985 1020 1023 ambulat
1051 1000 1140 1026 cum
1169 990 1310 1033 lorica:

191 1031 344 1078 metuit,
364 1031 481 1070 homo
503 1032 636 1072 doctus
655 1041 692 1071 et
711 1035 873 1085 sapiens,
894 1049 943 1075 ne
961 1039 1010 1076 L.
1031 1040 1192 1082 Flaccus
1210 1057 1315 1086 nunc

193 1085 330 1122 scelere
349 1098 387 1123 se
405 1085 549 1136 alliget,
572 1100 660 1125 cum
676 1089 759 1136 jam
775 1096 907 1127 testem
919 1091 1032 1130 illum
1052 1095 1218 1147 effugere
1235 1112 1312 1139 non

191 1137 336 1188 possit;
366 1146 423 1187 ut,
447 1139 529 1190 qui,
550 1148 637 1178 ante
661 1141 807 1179 dictum
826 1144 1101 1197 testimonium,
1123 1150 1195 1189 sibi
1214 1160 1311 1192 tem-

189 1191 346 1242 perarit,
366 1204 455 1230 cum
476 1200 603 1231 tamen
622 1194 768 1245 aliquid
787 1198 936 1248 assequi
954 1209 1092 1250 posset,
1108 1203 1140 1241 is
1153 1208 1310 1247 nuncid

190 1252 293 1295 agat,
306 1252 364 1291 ut,
373 1245 421 1283 ad
432 1246 573 1283 falsum
584 1248 751 1286 avaritiae
762 1250 1037 1301 testimonium,
1047 1268 1178 1295 verum
1191 1260 1307 1301 etiam

189 1299 367 1336 maleficii
386 1299 527 1338 crimen
547 1300 742 1352 adjungat.
779 1304 854 1341 Sed
873 1304 920 1342 de
938 1305 1009 1345 hoc
1029 1316 1134 1358 teste,
1151 1319 1306 1365 totoque

189 1351 455 1391 Mithridatico
473 1353 644 1402 crimine,
665 1355 839 1394 disseruit
859 1365 895 1395 et
909 1360 1097 1400 subtiliter
1108 1372 1144 1402 et
1156 1368 1305 1418 copiose

189 1405 241 1452 Q.
263 1405 520 1445 Hortensius:
550 1419 632 1456 nos,
653 1416 698 1446 ut
717 1409 966 1462 instituimus,
987 1414 1036 1452 ad
1054 1417 1201 1470 reliqua
1217 1435 1304 1473 per..

186 1471 335 1510 gamus.

239 1513 407 1551 XVIII.
438 1514 566 1566 Caput
591 1523 646 1554 est
668 1518 843 1557 omnium
860 1520 1082 1563 Graecorum
1109 1529 1300 1570 concitan-

186 1564 338 1613 dorum,
359 1567 427 1619 qui
445 1581 534 1606 cum
552 1572 830 1611 accusatoribus
859 1575 975 1623 sedet,
998 1577 1220 1622 Heraclides
1237 1585 1303 1624 ille

186 1619 399 1667 Temnites,
420 1622 535 1661 homo
554 1623 706 1674 ineptus
725 1633 762 1663 et
779 1626 936 1678 loquax,
958 1631 1024 1668 sed
1039 1635 1099 1676 (ut
1113 1635 1185 1673 sibi
1197 1637 1301 1677 vide-

185 1679 266 1720 tur)
286 1673 340 1712 ita
358 1674 503 1723 doctus,
533 1684 577 1714 ut
603 1677 717 1716 etiam
741 1681 968 1731 magistrum
990 1684 1146 1726 illorum
1164 1702 1203 1728 se
1221 1704 1300 1732 esse

184 1726 309 1772 dicat;
331 1735 381 1775 et,
396 1729 462 1780 qui
477 1729 530 1767 ita
542 1730 589 1767 sit
600 1732 837 1782 ambitiosus,
851 1742 895 1773 ut
905 1749 1036 1776 omnes
1049 1753 1129 1788 vos,
1138 1753 1297 1796 nosque,

184 1781 353 1831 quotidie
363 1783 580 1833 persalutet.
602 1785 758 1835 Temni,
771 1801 892 1839 usque
900 1790 949 1827 ad
960 1790 1068 1830 illam
1080 1802 1244 1847 aetatem,
1257 1800 1298 1838 in

185 1846 359 1872 senatum
379 1836 505 1874 venire
523 1849 599 1875 non
618 1839 743 1889 potuit
759 1855 769 1878 x
801 1850 850 1889 et,
867 1843 935 1893 qui
953 1857 992 1882 se
1010 1853 1130 1886 artem
1149 1849 1299 1891 dicendi

181 1888 413 1926 traditurum
433 1890 548 1928 etiam
579 1893 721 1930 caeteris
746 1895 980 1947 profiteatur,
1009 1899 1092 1951 ipse
1116 1905 1297 1946 omnibus

182 1942 411 1992 turpissimis
427 1943 579 1992 judiciis
599 1946 790 1986 convictus
810 1956 877 1987 est.

237 1996 328 2033 Pari
351 1996 528 2035 felicitate
555 1999 634 2036 una
661 2000 809 2050 legatus
832 2003 936 2042 venit
961 2005 1204 2061 Nicomedes,
1229 2014 1297 2065 qui

183 2059 307 2100 neque
324 2049 365 2087 in
384 2058 559 2089 senatum
574 2053 656 2090 ulla
673 2055 885 2095 conditione
899 2060 1094 2110 pervenire
1104 2065 1241 2114 potuit,
1258 2075 1296 2107 et

183 2100 291 2153 furti,
312 2109 350 2142 et
366 2116 435 2155 pro
459 2104 573 2156 socio,
593 2105 795 2148 damnatus
813 2117 880 2149 est.
921 2112 1027 2152 Nam
1050 2116 1224 2171 princeps
1240 2120 1296 2161 le.
