1455 2343
224 106 298 142 160
426 104 539 143 PRO
570 103 741 143 DOMO
770 104 891 143 SUA.
921 103 1025 143 CAP.
1046 105 1110 143 33.

215 219 293 249 tem
318 212 491 250 restituti.
532 212 648 260 Quod
673 213 703 250 si
722 212 781 250 his
798 211 986 250 damnatis
1013 225 1089 250 non
1117 211 1230 250 modo
1248 222 1324 249 non

215 265 414 303 imminuit
428 267 621 304 calamitas
651 266 844 304 clarissimi
873 265 1037 303 nominis
1065 265 1240 316 gloriam,
1259 264 1324 302 sed

219 319 334 356 etiam
362 319 572 358 honestavit
602 322 724 366 (nam,
753 319 820 358 etsi
849 319 1053 370 optabilius
1084 325 1152 365 est,
1171 330 1325 357 cursum

220 372 307 410 vitae
326 373 504 411 conficere
523 373 602 411 sine
621 373 762 419 dolore,
783 380 820 410 et
838 373 918 410 sine
935 372 1101 422 injuri213
1131 379 1258 410 tamen
1277 370 1327 409 ad

219 426 544 464 immortalitatem
573 427 701 477 gloriae
719 427 807 478 plus
826 426 946 472 affert,
976 426 1230 464 desideratum
1249 436 1329 463 esse

219 493 243 517 a
261 480 338 518 suis
362 480 520 528 civibus,
541 493 657 531 quam
690 480 845 518 omnino
877 492 1077 530 nunquam
1106 492 1184 517 esse
1211 478 1329 518 viola-

220 541 347 580 tum);
376 534 486 582 mihi,
512 534 591 571 sine
617 534 696 572 ullo
720 533 863 583 judicio
890 533 1024 584 populi
1042 533 1222 584 profecto,
1243 539 1329 569 tum

218 587 461 638 amplissimis
480 587 654 625 omnium
679 587 831 636 judiciis
859 587 1046 635 restituto,
1066 585 1257 624 maledicti
1274 585 1331 623 10-

223 653 312 678 cum
332 648 398 678 aut
417 640 583 678 criminis
601 640 784 678 obtinebit
799 643 816 678 Ρ

275 694 400 732 Fortis
413 702 450 732 et
467 701 640 732 constans
656 694 697 731 in
711 693 857 745 optima
867 694 1010 732 ratione
1024 693 1113 732 civis
1131 693 1178 732 P.
1199 692 1331 744 Popil-

219 747 294 785 lius
313 760 461 798 semper
478 747 575 785 fuit:
606 754 735 785 tamen
760 749 841 797 ejus
868 747 908 784 in
936 747 1040 785 omni
1065 747 1144 785 vita¹
1161 746 1257 784 nihil
1276 753 1331 784 est

220 801 269 838 ad
288 801 441 838 laudem
452 801 649 848 illustrius,
664 813 780 852 quam
793 801 985 838 calamitas
996 801 1088 851 ipsa.
1118 800 1217 848 Quis
1228 799 1330 838 enim

217 855 300 903 jam
319 854 565 903 meminisset,
581 868 669 892 eum
684 856 779 892 bene
790 854 837 892 de
848 854 1039 905 republica
1051 854 1245 901 meritum,
1259 853 1330 891 nisi

222 916 259 945 et
278 909 325 946 ab
344 908 527 959 improbis
556 909 737 959 expulsus
764 915 872 955 esset,
893 915 930 945 et
948 921 1015 959 per
1038 909 1157 945 bonos
1182 906 1332 945 restitu-

222 968 284 999 tus
301 963 318 1000 Ρ
349 962 400 1009 Q.
422 961 574 999 Metelli
591 962 816 1013 praeclarum
840 961 1044 1012 imperium
1062 961 1102 999 in
1121 974 1161 999 re
1178 960 1335 998 militari

222 1014 310 1063 fuit,
341 1015 491 1065 egregia
520 1028 689 1063 censura,
709 1015 832 1053 omnis
860 1015 939 1053 vita
966 1015 1080 1065 plena
1108 1013 1332 1065 gravitatis:

221 1077 349 1106 tamen
368 1069 483 1118 hujus
502 1069 572 1106 viri
589 1069 743 1107 laudem
762 1068 810 1106 ad
824 1067 1092 1119 sempiternam
1110 1067 1336 1106 memoriam

224 1122 404 1172 temporis
423 1122 616 1160 calamitas
633 1123 866 1173 propagavit.

277 1175 487 1212 XXXIII.
518 1175 636 1222 Quod
658 1176 690 1212 si
719 1183 756 1213 et
783 1176 859 1214 illis
887 1175 972 1226 (qui
991 1175 1142 1226 expulsi
1169 1182 1260 1212 sunt
1276 1174 1336 1212 in-

227 1229 331 1279 ique,
353 1229 418 1266 sed
438 1236 565 1266 tamen
590 1229 739 1279 legibus
758 1229 916 1276 reducti,
937 1228 1100 1266 inimicis
1119 1228 1339 1275 interfectis,

226 1282 483 1332 rogationibus
505 1282 728 1329 tribuniciis,
745 1295 821 1319 non
841 1282 1061 1320 auctoritate
1076 1284 1241 1327 senatfis,
1262 1293 1340 1319 non

224 1335 384 1373 comitiis
403 1335 633 1381 centuriatis,
650 1348 726 1372 non
744 1335 900 1373 decretis
914 1335 1050 1382 Italiae,
1066 1347 1143 1372 non
1156 1335 1341 1373 desiderio

224 1389 400 1435 civitatis)
419 1387 661 1427 inimicorum
679 1389 820 1438 injuria
837 1391 974 1439 probro
993 1401 1069 1426 non
1090 1388 1185 1434 fuit3
1205 1389 1247 1426 in
1260 1401 1338 1435 me,

225 1441 309 1492 (qui
327 1442 516 1492 profectus
545 1455 630 1480 sum
658 1442 816 1492 integer,
838 1442 945 1480 abfui
972 1442 1088 1479 simul
1116 1455 1205 1480 cum
1225 1454 1342 1493 repu-

222 1495 336 1543 blica,
356 1495 450 1533 redii
468 1508 556 1533 curn
574 1496 745 1533 maxima
763 1496 959 1546 dignitate,
974 1503 1012 1533 te
1030 1496 1131 1544 vivo,
1146 1495 1263 1533 fratre
1274 1502 1341 1534 tuo

222 1549 340 1586 altero
381 1549 533 1587 consule
567 1549 780 1596 reducente,
818 1550 935 1587 altero
974 1557 1136 1600 praetore
1171 1556 1340 1600 petente)

223 1610 336 1639 tuum
355 1603 474 1640 scelus
492 1615 623 1640 meum
641 1604 824 1653 probrum
842 1609 954 1654 putas
973 1615 1051 1640 esse
1070 1609 1243 1653 oportere
1256 1605 1274 1640 Ρ

275 1655 352 1703 Ac,
381 1656 492 1693 sime
510 1656 674 1707 populus
694 1657 909 1704 Romanus,
938 1656 1116 1694 incitatus
1143 1655 1342 1694 iracundia

225 1716 292 1746 aut
309 1709 464 1755 invidia,
486 1722 506 1746 e
524 1710 672 1747 civitate
692 1709 871 1758 ejecisset,
891 1709 1071 1761 idemque
1090 1717 1235 1761 postea,
1254 1721 1341 1748 mea

223 1763 263 1799 in
283 1763 558 1813 rempublicam
587 1762 769 1801 beneficia
798 1763 1025 1811 recordatus,
1051 1776 1090 1801 se
1116 1762 1340 1813 collegisset,

225 1816 477 1854 temeritatem
505 1824 619 1867 atque
647 1817 829 1865 injuriam
862 1829 970 1854 suam
999 1816 1236 1855 restitutione
1253 1816 1342 1854 mea

222 1869 538 1919 reprehendisset3
554 1877 682 1907 tamen
694 1870 859 1920 profecto
871 1882 983 1907 nemo
995 1876 1075 1907 tam
1087 1876 1182 1908 esset
1192 1881 1338 1919 amens,

226 1922 296 1973 qui
313 1922 410 1960 mihi
437 1923 571 1974 populi
589 1924 663 1961 tale
689 1923 878 1972 judicium
896 1936 973 1961 non
995 1923 1172 1974 dignitati
1197 1923 1340 1974 potius,

227 1988 346 2026 quam
373 1976 558 2021 dedecori,
589 1983 739 2027 putaret
768 1989 846 2014 esse
878 1984 1060 2028 oportere.
1101 1977 1220 2014 Nunc
1238 1989 1340 2025 vero,

228 2041 317 2067 cum
335 2041 398 2067 me
415 2029 456 2067 in
472 2029 660 2079 judicium
679 2030 812 2089 populi
837 2042 950 2068 nemo
978 2029 1153 2068 omnium
1171 2029 1338 2068 vocarit·
1325 2057 1339 2076 ,

228 2082 469 2120 condemnari
487 2095 564 2120 non
586 2083 789 2133 potuerim,
819 2083 886 2134 qui
913 2090 1109 2122 accusatus
1140 2094 1217 2120 non
1239 2082 1339 2130 sim;

226 2135 390 2187 denique
407 2148 455 2175 ne
481 2137 661 2187 expulsus
690 2136 846 2187 quidem
872 2137 926 2175 ita
953 2137 1040 2185 sim,
1059 2144 1118 2185 ut,
1138 2136 1170 2175 si
1188 2142 1341 2174 conten-

228 2188 370 2239 derem,
402 2202 579 2242 superare
608 2202 684 2229 non
714 2203 888 2241 possem;
919 2197 1123 2243 contraque
1143 2202 1167 2229 a
1189 2189 1352 2241 ,populo
