1389 2339
334 108 448 153 PRO
478 108 679 147 COELIO.
709 109 814 147 CAP.
839 111 898 147 18.
1095 108 1167 147 361

63 225 106 256 se
123 221 373 264 repugnantes
390 214 538 253 dicendi
556 215 734 253 facultate
752 217 1033 266 conjungerent.
1065 214 1172 252 Illud

67 278 189 304 unum
201 266 385 306 directum
397 268 468 306 iter
482 268 531 306 ad
544 268 695 306 laudem
712 281 798 306 cum
814 269 940 306 labore
955 269 1021 318 qui
1039 269 1176 319 proba-

67 326 214 368 verunt,
234 333 350 372 prope
370 322 452 370 jam
471 321 541 359 soli
559 321 598 359 in
618 322 751 360 scholis
771 328 860 359 sunt
877 321 1009 359 relicti.
1042 320 1175 358 Multa

67 372 170 410 enim
194 373 302 412 nobis
323 374 582 412 blandimenta
607 382 744 412 natura
769 375 850 425 ipsa
869 374 1012 424 genuit,
1038 374 1177 425 quibus

67 425 188 476 sopita
217 426 336 465 virtus
365 428 605 472 conniveret,
594 442 603 450 ·
644 435 681 465 et
713 427 905 464 interdum
935 427 1074 464 multas
1099 427 1178 464 vias

65 477 324 518 adolescentiae
351 480 515 518 lubricas
543 480 719 527 ostendit,
751 481 891 531 quibus
920 480 987 517 illa
1010 480 1178 517 insistere

66 538 133 568 aut
149 531 309 583 ingredi,
325 533 405 571 sine
423 546 510 572 casu
526 534 653 585 aliquo
666 542 732 571 aut
749 532 1000 584 prolapsione,
1013 533 1077 570 vix
1091 545 1177 583 pos-

63 591 146 629 set3
167 593 204 623 et
221 586 430 624 multarum
450 599 575 624 rerum
584 586 946 636 jucundissimarum
960 586 1177 623 varietatem

66 636 184 685 dedit,
205 652 282 690 qua
300 651 376 677 non
395 639 509 677 modo
527 640 608 677 haec
627 647 729 686 aetas,
749 639 814 676 sed
833 639 946 677 etiam
957 640 1038 687 jam
1054 651 1176 676 corro-

68 691 214 737 borata,
246 699 450 743 caperetur.
484 692 760 739 Quamobrem,
784 692 815 730 si
847 704 962 743 quem
995 691 1090 729 forte
1120 691 1178 727 in-

68 744 259 791 veneritis,
281 745 347 796 qui
373 745 616 796 adspemetur
638 745 756 783 oculis
778 744 1099 796 pulchritudinem
1122 757 1180 781 re-

70 808 172 844 rum,
193 809 269 835 non
284 798 396 836 odore
413 799 507 844 ullo,
521 811 597 836 non
615 806 732 845 tactu,
745 810 821 836 non
836 811 978 848 sapore,
995 797 1178 847 capiatur,

70 850 248 888 excludat
272 852 426 888 auribus
456 863 609 888 omnem
633 851 881 894 suavitatem3
919 850 1008 887 huic
1031 850 1179 887 homini

70 915 140 953 ego
157 903 324 951 fortasse,
341 910 382 942 et
400 903 525 954 pauci,
543 902 646 941 Deos
660 903 853 953 propitios,
868 902 1037 953 plerique
1051 910 1178 941 autem

70 955 184 994 iratos
202 959 404 1006 putabunt.

126 1009 292 1047 XVIII.
322 1010 427 1060 Ergo
444 1010 524 1048 haec
543 1009 687 1048 deserta
701 1009 761 1048 via
779 1016 815 1047 et
826 1009 982 1057 inculta,
995 1015 1108 1060 atque
1118 1009 1177 1047 in-

73 1063 260 1100 terclusa
246 1075 327 1111 Jam
346 1063 541 1101 frondibus
565 1070 602 1101 et
621 1063 806 1113 virgultis,
825 1063 1084 1113 relinquatur:
1113 1063 1179 1100 de-

72 1122 135 1152 tur
153 1116 297 1166 aliquid
316 1116 440 1154 aetati:
471 1117 519 1153 sit
538 1116 785 1154 adolescentia
794 1116 970 1154 liberior:
1001 1127 1076 1153 non
1095 1128 1177 1152 om-

73 1168 138 1206 nia
165 1169 422 1220 voluptatibus
451 1169 705 1220 denegentur:
747 1181 822 1206 non
853 1181 1000 1218 semper
1031 1179 1179 1219 superet

73 1235 159 1259 vera
176 1221 243 1259 illa
257 1231 294 1260 et
317 1222 457 1260 directa
474 1223 593 1260 ratio:
626 1222 748 1260 vincat
772 1221 976 1273 aliquando
995 1221 1179 1272 cupiditas

72 1275 321 1336 voluptasque
344 1276 544 1322 rationem,
563 1275 772 1313 dummodo
796 1275 862 1312 illa
885 1275 925 1312 in
948 1274 1019 1312 hoc
1044 1287 1179 1325 genere

73 1328 302 1379 praescriptio
323 1328 604 1379 moderatioque
623 1335 802 1366 teneatur.
841 1329 975 1365 Pareat
998 1328 1178 1376 juventus

73 1381 264 1432 pudicitiae
289 1395 390 1427 suae;
420 1394 468 1420 ne
493 1381 625 1432 spoliet
643 1381 830 1427 alienam;
860 1393 907 1418 ne
925 1379 1094 1418 effundat
1111 1394 1178 1432 pa-

73 1434 320 1480 trimonium3
350 1448 397 1472 ne
415 1435 554 1472 foenore
572 1434 801 1479 trucidetur,
822 1446 870 1472 ne
883 1434 1049 1471 incurrat
1066 1434 1106 1470 in
1124 1435 1179 1471 al-

72 1487 188 1525 terius
206 1487 364 1525 domum
390 1496 503 1539 atque
521 1487 688 1531 famam3
718 1500 765 1525 ne
782 1488 962 1538 probrum
982 1486 1103 1534 castis,
1122 1487 1178 1524 la-

74 1541 163 1579 bem
184 1541 352 1592 integris,
380 1540 578 1578 infamiam
601 1516 722 1587 bonis,
748 1540 906 1578 inferat:
937 1552 984 1577 ne
1006 1552 1121 1590 quem
1140 1541 1178 1577 vi

72 1600 231 1632 terreat:
252 1606 300 1632 ne
318 1594 463 1632 intersit
473 1593 641 1639 insidiis;
663 1594 796 1631 scelere
811 1600 952 1631 careat:
973 1600 1177 1644 postremo,

73 1659 162 1684 cum
187 1647 353 1697 paruerit
377 1647 645 1697 voluptatibus,
665 1646 807 1695 dederit
828 1645 974 1697 aliquid
999 1647 1178 1696 temporis

75 1699 125 1737 ad
141 1700 279 1740 ludum
298 1700 429 1746 aetatis,
449 1706 562 1751 atque
583 1700 631 1737 ad
649 1699 777 1738 inanes
795 1698 905 1737 hasce
923 1698 1179 1737 adolescentiae

77 1752 327 1804 cupiditates;
355 1760 501 1790 revocet
521 1766 565 1790 se
589 1752 793 1803 aliquando
818 1751 866 1790 ad
887 1764 1017 1790 curam
1042 1751 1096 1789 rei
1114 1752 1181 1789 do-

76 1805 254 1851 mesticae,
274 1806 327 1843 rei
344 1805 514 1851 forensis,
529 1805 753 1856 reipublicae
768 1819 779 1842 ε
809 1812 853 1843 ut
866 1817 922 1852 ea,
939 1818 1024 1856 quae
1038 1804 1180 1844 ratione

77 1871 190 1896 antea
206 1870 282 1896 non
301 1865 553 1909 perspexerat,
574 1859 740 1896 satietate
751 1857 940 1907 abjecisse,
957 1857 1182 1908 experiendo

78 1912 329 1956 contemsisse,
349 1911 530 1949 videatur.

130 1964 194 2002 Ac
220 1965 348 2010 multi,
369 1972 406 2002 ct
430 1965 557 2002 nostr-21
581 1973 618 2003 et
640 1973 792 2016 patrum
814 1966 1078 2014 maj0rumque
1100 1976 1180 2001 mc-

77 2017 212 2065 mori'a,
224 2017 384 2066 judices,
398 2019 537 2056 summi
549 2019 718 2056 homines
730 2025 767 2056 et
777 2016 971 2055 clarissimi
985 2016 1082 2054 cives
1097 2017 1180 2054 fue—

79 2078 182 2119 runt,
204 2083 368 2121 quorum
388 2083 475 2108 cum
493 2071 748 2110 adolescentiae
767 2069 988 2122 cupiditates
1005 2069 1181 2107 defervis-

76 2131 178 2170 sent,
199 2123 348 2161 eximiae
367 2124 536 2169 virtutes,
551 2124 699 2162 firmata
713 2126 794 2174 jam
807 2130 928 2167 aetate,
944 2122 1180 2160 exstiterunt.

85 2176 148 2216 Ex
163 2176 301 2227 quibus
313 2177 502 2228 neminem
517 2178 612 2215 mihi
631 2189 775 2216 neccsse
788 2183 841 2214 est
852 2175 1045 2213 nominare
1063 2190 1072 2213 ε
1100 2187 1182 2220 vos.

141 2230 289 2277 (Orat.)
312 2241 414 2267 vm..
435 2241 505 2268 ιιι.
853 2230 877 2266 2
901 2239 914 2265 1
