1435 2328
194 79 248 119 80
340 77 456 119 PRO
483 75 711 118 ARCHIA
739 74 946 116 POETA.
980 75 1088 115 CAP.
1118 76 1158 116 3.

431 156 445 177 1

195 185 335 225 forensi
347 198 531 231 sermone,
545 183 743 223 abhorreat
759 198 769 221 ε
800 195 928 235 quaeso
945 196 969 221 a
981 183 1102 230 vobis,
1115 188 1173 231 ut,
1186 181 1227 220 in
1239 181 1312 221 hac

194 240 324 288 causa,
344 240 441 278 mihi
459 240 554 278 detis
572 239 671 276 hanc
689 237 853 283 veniam,
874 236 1195 275 accommodatam
1219 236 1311 274 huic

194 305 272 342 reo,
293 294 398 332 vobis
418 292 761 344 (quemadmodum
780 297 904 341 spero)
924 302 999 327 non
1019 290 1243 335 molestam3
1264 296 1310 327 ut

195 358 273 395 me,
294 360 362 398 pro
382 360 531 385 summo
550 349 662 398 po'e'ta
680 352 792 396 atque
812 343 1062 381 eruditissimo
1080 343 1236 380 homine
1253 343 1312 379 di-

196 407 358 448 centem,
377 400 448 439 hoc
463 412 644 438 concursu
659 398 860 436 hominum
871 396 1228 443 literatissimorum,
1241 396 1315 435 hac

196 453 321 491 vestra
338 454 588 500 humanitate,
608 453 679 490 hoc
698 451 861 501 denique
875 457 1032 501 praetore
1044 457 1238 488 exercente
1250 450 1315 499 ju-

198 506 356 553 dicium,
376 507 575 558 patiamini
592 506 638 544 de
650 505 783 543 studiis
795 503 1043 542 humanitatis
1062 516 1106 541 ac
1116 503 1312 541 literarum

197 561 314 611 paulo
338 561 445 612 loqui
468 561 642 604 liberius;
671 568 720 606 et,
740 559 780 595 in
800 557 986 607 ejusmodi
1014 557 1189 607 persona,
1210 570 1310 608 quae,

197 622 351 665 propter
362 615 484 652 otium
497 627 539 652 ac
547 613 730 659 studium,
740 612 898 649 minime
909 611 947 648 in
958 610 1109 660 judiciis
1121 611 1316 661 periculis-

199 680 276 718 que
291 675 447 706 tractata
466 675 535 715 est,
556 667 613 704 uti
638 678 756 717 prope
780 678 877 702 novo
897 664 1064 715 quodam
1083 672 1120 701 et
1138 664 1317 702 inusitato

199 733 336 771 genere
354 721 513 759 dicendi.
544 720 662 767 Quod
681 720 713 757 si
730 719 828 756 mihi
846 731 868 755 a
886 718 992 756 vobis
1010 718 1127 755 tribui
1145 718 1316 756 concedi-

201 787 278 825 que
303 775 491 820 sentiam;
522 773 713 825 perficiam
740 773 921 824 profectO,
948 778 993 808 ut
1013 771 1116 809 hunc
1138 772 1191 809 A.
1213 772 1317 809 Lici-

200 828 325 876 nium,
352 840 429 867 non
447 828 563 866 modo
582 839 658 865 non
678 825 968 877 segregandum,
988 837 1077 862 cum
1096 825 1145 863 sit
1163 826 1267 872 civis,
1294 838 1317 863 a

201 893 360 919 numero
386 882 541 929 civium,
562 893 696 919 verum
721 881 850 927 etiam,
885 878 916 917 si
941 891 1018 916 non
1044 886 1151 928 esset,
1179 880 1320 931 putetis

202 935 488 974 adsciscendum
506 935 633 973 fuisse.

249 989 332 1027 III.
350 989 471 1033 Nam,
482 995 526 1026 ut
536 989 707 1040 primum
719 1000 767 1026 ex
778 987 904 1039 pueris
912 986 1069 1024 excessit
1075 985 1252 1037 Archias,
1261 995 1318 1027 at-

204 1056 280 1094 que
294 1045 342 1081 ab
350 1042 395 1080 iis
404 1043 547 1081 artibus
561 1043 699 1094 quibus
712 1049 800 1079 aetas
811 1040 967 1092 puerilis
981 1040 1030 1078 ad
1044 1039 1321 1081 humanitatem

202 1096 401 1134 informari
412 1097 518 1142 solet,
541 1110 578 1134 se
591 1096 638 1134 ad
658 1095 843 1134 scribendi
855 1094 1025 1133 studium
1037 1095 1196 1132 contulit
1209 1109 1221 1142 ς
1242 1096 1321 1147 pri-

203 1162 315 1188 mum
332 1150 550 1187 Antiochiae
562 1152 668 1192 (nam
683 1150 737 1187 ibi
754 1156 866 1186 natus
881 1156 948 1193 est,
969 1148 1052 1186 loco
1070 1145 1203 1197 nobiIi,
1224 1151 1321 1189 cele-

202 1204 263 1242 bri
282 1203 476 1254 quondam
495 1205 589 1241 urbe
608 1210 644 1241 et
663 1203 825 1254 copiosa,
842 1209 956 1253 atque
975 1201 1234 1241 eruditissimis
1253 1204 1322 1241 ho-

202 1257 372 1294 minibus
383 1256 728 1306 liberalissimisque
741 1255 873 1293 studiis
885 1255 1073 1303 affluenti)
1081 1256 1246 1294 celeriter
1254 1269 1322 1294 an-

205 1311 375 1348 tecellere
382 1310 559 1348 omnibus
569 1310 708 1360 ingenii
719 1309 839 1360 gloria
847 1309 1024 1360 contigit:
1039 1309 1170 1360 postin
1182 1312 1323 1349 caeteris

204 1363 312 1401 Asiae
329 1364 515 1414 partibus,
537 1372 756 1414 cunctaeque
777 1363 946 1410 Graeciae,
968 1363 1019 1401 sic
1038 1363 1119 1411 ejus
1139 1363 1322 1403 adventus

204 1418 478 1464 celebrabatur,
501 1425 546 1455 ut
564 1417 708 1455 famam
731 1417 874 1467 ingenii
893 1416 1120 1467 exspectatio
1140 1417 1321 1467 hominis,

207 1471 526 1521 exspectationem
552 1470 670 1522 ipsius
694 1470 877 1508 adventus
900 1469 1189 1522 admiratioque,
1210 1484 1322 1522 supe.

206 1533 317 1562 raret.
352 1524 449 1561 Erat
472 1524 587 1562 Italia
614 1531 705 1562 tunc
728 1525 842 1575 plena
873 1523 1093 1562 Graecarum
1116 1525 1256 1562 artium
1279 1539 1323 1565 ac

206 1577 493 1628 disciplinarum
509 1592 518 1615 :
550 1578 750 1629 studiaque
768 1577 849 1615 haec
875 1584 912 1615 et
928 1577 969 1615 in
989 1577 1101 1615 Latio
1120 1578 1322 1617 vehemen-

206 1631 283 1669 tius
302 1638 387 1669 tum
406 1632 639 1677 colebantur,
664 1644 781 1682 quam
800 1643 903 1669 nunc
925 1631 1060 1669 iisdem
1079 1631 1119 1668 in
1144 1632 1320 1683 oppidis3

207 1691 246 1723 et
258 1684 323 1722 hic
343 1685 492 1731 Romae,
505 1692 659 1736 propter
670 1685 984 1736 tranquillitatem
998 1684 1228 1736 reipublicae,
1244 1698 1322 1725 non

207 1737 509 1788 negligebantur.
539 1739 677 1789 Itaque
690 1738 793 1776 hunc
807 1745 844 1776 et
856 1738 1069 1786 Tarentini,
1084 1746 1121 1775 et
1136 1739 1320 1791 thegim,

207 1798 245 1830 et
259 1791 518 1842 Neapolitani,
532 1792 681 1830 civitate
692 1792 909 1844 caeterisque
926 1792 1092 1843 praemiis
1110 1792 1319 1832 donarunt:

207 1851 246 1884 et
263 1857 407 1893 omnes,
428 1845 496 1896 qui
520 1846 665 1896 aliquid
690 1846 737 1883 de
762 1846 923 1896 ingeniis
947 1852 1121 1897 poterant
1135 1846 1320 1896 judicare,

209 1898 423 1949 cognitione
441 1906 555 1950 atque
573 1898 737 1950 hospitio
755 1899 915 1950 dignum
935 1899 1213 1938 existimarunt.

265 1952 353 1990 Hac
371 1950 475 1990 tanta
494 1953 706 1991 celebritate
725 1953 838 1990 famae
856 1966 944 1991 cum
960 1960 1053 1991 esset
1063 1954 1146 2002 jam
1157 1953 1322 1992 absenti-

210 2005 283 2044 bus
301 2013 428 2055 notus,
455 2006 624 2044 Romam
643 2007 760 2053 venit,
782 2007 911 2044 Mario
929 2007 1082 2045 consule
1106 2014 1144 2045 et
1171 2007 1321 2045 Catulo.

209 2058 359 2097 Nactus
378 2067 433 2098 est
446 2059 616 2112 primum
636 2061 806 2099 consules
826 2073 900 2109 eos,
914 2074 1079 2112 quorum
1093 2060 1186 2099 alter
1200 2074 1258 2099 res
1275 2061 1324 2099 ad

212 2113 456 2151 scribendum
467 2114 669 2163 maximas,
685 2115 780 2153 alter
791 2127 880 2152 cum
893 2127 950 2152 res
963 2121 1101 2165 gestas,
1115 2122 1199 2152 tum
1211 2113 1325 2153 etiam

215 2165 388 2206 studium
413 2173 527 2221 atque
551 2181 674 2218 aureS,
701 2168 879 2208 adhibere
903 2175 1039 2220 posset.
1079 2167 1218 2208 Statim
1243 2168 1325 2207 Lu-
