1435 2328
376 0 1304 135 “W1*amn‘w-·-
1340 0 1435 41 “a

231 94 293 139 88,
367 91 398 129 Ρ
507 91 549 130 Α
592 91 735 130 CHIA
766 91 959 130 POETA
1002 91 1108 131 CAP.
1130 91 1215 136 11.-,

228 205 457 246 contexerat,
471 209 610 237 nomen
623 199 738 237 etiam
752 198 947 238 obruisset.
976 198 1117 246 Quid?
1136 203 1264 236 noster·
1279 195 1351 235 hic·

229 251 415 302 Magnus,
432 252 500 303 qui
516 265 605 290 cum
616 252 754 290 virtute
765 253 958 290 fortunam
973 251 1200 303 adaequavit,
1215 262 1342 289 nonne

231 305 509 367 Theophanem
539 306 824 357 Mitylenaeum,
850 306 1070 357 scriptorem
1099 317 1228 343 rerum
1257 317 1346 342 sua-

230 371 334 405 rum,
348 360 389 397 in
407 360 583 397 concione
602 360 784 406 militum,
798 360 946 397 civitate
965 358 1149 397 donavit?
1177 366 1213 396 et
1227 356 1345 395 nostri

232 412 290 449 1111
315 412 429 450 fortes
457 413 540 460 viri,
561 413 625 450 sed
643 413 773 451 rustici
792 426 836 451 ac
854 414 1008 474 milites,
1029 411 1227 450 dulcedine
1245 424 1343 462 qua-

233 465 323 503 dam
337 466 466 516 gloriae
482 466 673 510 commoti..
691 467 798 518 quasi
812 467 1010 517 participes
1023 466 1194 516 ejusdem
1205 463 1345 511 laudis,

233 531 375 569 magno
392 519 491 557 illud
510 520 672 557 clamore
691 523 994 571 approbaverunt
1007 522 1025 558 :³

243 607 245 609 .
284 574 436 623 Itaque,
464 573 606 620 (credo)
632 573 664 611 si
686 574 777 611 civis
796 575 994 612 Romanus
1012 572 1175 611 Archias
1198 571 1349 623 legibus

231 638 308 664 non
327 633 434 671 esset,
447 634 491 664 ut
509 629 556 664 ab
575 627 704 678 aliquo
718 627 943 677 imperatore
963 627 1111 665 civitate
1129 626 1347 672 donaretur,

230 680 407 731 perficere
424 692 501 717 non
519 680 655 730 potuit.
694 681 816 727 Sulla,
838 693 926 718 cum
947 681 1140 731 Hispanos
1159 687 1196 717 et
1215 679 1349 717 Gallos

231 733 402 781 donaret,
424 733 566 780 (credo)
593 734 695 771 hunc
720 741 912 784 petentem
937 734 1196 784 repudiasset:
1228 744 1345 783 quem

230 798 298 825 nos
312 786 350 823 in
367 787 543 824 concione
556 787 734 834 vidimus,
748 800 836 824 cum
851 788 885 825 ei
895 787 1071 825 libellum
1088 787 1214 824 malus
1231 789 1347 837 poe'ta

230 840 277 878 de
295 841 438 890 populo
453 840 682 889 subjecisset,
696 841 799 891 quod
818 841 1054 891 epigramma
1070 840 1110 877 in
1129 852 1219 877 eum
1237 838 1346 877 fecis-

179 910 194 915 -’
231 900 286 931 set
304 893 570 931 tantummodo
589 895 742 932 alternis
754 895 922 932 versibus
939 893 1199 944 longiusculis,
1215 892 1344 931 statim

231 959 279 985 ex
297 946 342 984 iis
361 949 486 994 rebus,
507 960 601 998 quas
614 954 705 985 tunc
724 947 923 996 vendebat,
942 949 1074 996 Jubere
1089 948 1123 985 ei
1140 946 1349 998 praemium

230 1000 361 1048 tribui,
390 1003 460 1038 sub
491 1013 536 1038 ea
555 1001 780 1049 conditione,
808 1014 856 1039 ne
885 1001 980 1052 quid
997 1008 1127 1052 postea
1156 1000 1349 1041 scriberem·

231 1053 312 1101 Qui
342 1054 582 1092 sedulitatem
607 1055 700 1092 mali
729 1055 856 1115 poetae
880 1055 1032 1093 duxerit
1058 1054 1187 1105 aliquo
1216 1062 1344 1091 tamen

229 1107 388 1158 praemio
407 1108 576 1168 dignam,
597 1108 742 1157 hujus
731 1108 928 1159 ingenium
949 1116 986 1146 et
1004 1108 1185 1146 virtutem
1203 1107 1244 1144 in
1255 1105 1348 1144 scri-

229 1161 354 1198 bendo
373 1168 410 1198 et
435 1161 583 1211 copiam
609 1174 685 1199 non
709 1163 944 1212 expetisset?
975 1161 1112 1209 Quid?
1142 1175 1165 1198 a
1184 1161 1234 1208 Q.
1255 1159 1346 1198 Me-

227 1214 319 1251 tello
339 1214 424 1261 Pio,
445 1214 739 1252 familiarissimo
764 1227 846 1263 suo,
867 1215 934 1265 qui
952 1215 1100 1253 civitate
1117 1215 1260 1252 multos
1277 1213 1348 1251 do..

228 1267 346 1314 navit,
367 1280 491 1318 neque
509 1280 576 1318 per
595 1280 646 1315 se,
668 1281 790 1318 neque
808 1281 875 1318 per
890 1269 1087 1314 Lucullos,
1107 1266 1346 1319 impetravisff

230 1323 317 1358 set?
347 1321 413 1371 qui
432 1321 640 1371 praesertim
659 1335 780 1372 usque
800 1334 843 1359 eo
862 1321 909 1359 de
921 1322 998 1359 suis
1017 1323 1128 1359 rebus
1147 1321 1258 1359 scribi
1276 1333 1342 1359 cu-

227 1381 347 1425 peret,
361 1381 405 1411 ut
416 1374 529 1412 etiam
543 1374 732 1412 Cordubae
746 1375 843 1412 natis
858 1375 991 1426 po'etis,
1004 1375 1147 1426 pingue
1158 1373 1344 1426 quiddam

228 1427 448 1466 sonantibus
470 1435 584 1479 atque
606 1428 864 1479 peregrinum,
891 1436 1020 1466 tamen
1043 1442 1151 1467 aures
1170 1441 1256 1467 suas
1274 1427 1345 1465 de-

229 1481 344 1519 deret.

235 1572 240 1576 ,
280 1534 358 1572 ΧΙ.
388 1535 525 1585 Neque
540 1535 643 1572 enim
657 1542 712 1573 est
725 1535 797 1574 hoc
810 1536 1146 1584 dissimulandum,
1156 1535 1260 1587 quod
1271 1536 1347 1576 obv

226 1587 367 1627 scutati
393 1600 468 1626 non
487 1596 622 1638 potest,
643 1589 709 1627 sed
727 1603 806 1640 prae
830 1589 939 1628 nobis
963 1590 1190 1628 ferendum:
1222 1588 1341 1627 trahi-

224 1654 313 1679 mur
331 1654 460 1679 omnes
485 1642 608 1680 laudis
628 1643 777 1687 studio,
767 1657 777 1666 ·
808 1650 845 1681 et
862 1643 1029 1694 optimus
1048 1643 1209 1694 quisque
1227 1655 1347 1681 max-1

223 1695 300 1733 ime
318 1695 438 1745 gloria
456 1695 618 1732 ducitur.
649 1697 730 1747 Ipsi
744 1696 801 1733 1111
818 1697 1048 1747 philosophi,
1065 1697 1178 1734 etiam
1196 1696 1273 1734 11118
1290 1695 1345 1736 li·-

224 1748 348 1796 bellis,
373 1761 467 1799 quos
486 1748 532 1785 de
550 1750 826 1788 contemnenda
850 1750 971 1800 gloria.
990 1749 1171 1797 scribunt,
1198 1761 1338 1787 nornen

226 1815 340 1840 suum
359 1801 592 1840 inscribunt.
623 1803 663 1839 in
683 1817 726 1841 eo
747 1803 844 1854 ipso,
871 1804 912 1840 in
931 1816 1009 1854 quo
1033 1803 1344 1854 praedicationem

225 1855 538 1905 nobilitatemque
557 1855 780 1906 despiciunt,
801 1856 997 1907 praedicari
1015 1856 1062 1895 de
1080 1869 1134 1904 se,
1153 1870 1197 1895 ac
1215 1855 1340 1894 nomi-

224 1909 308 1947 nari
327 1909 470 1946 volunt.
510 1908 694 1947 Decimus
714 1910 869 1960 quidem
891 1911 1054 1956 Brutus,
1078 1923 1254 1948 summus
1271 1910 1338 1947 ifle

223 1962 281 2007 vir
306 1969 343 1999 et
367 1962 584 2012 imperator,
611 1963 726 2010 Attii,
758 1963 977 2002 amicissimi
1004 1964 1079 2010 sui,
1105 1963 1343 2003 carminibus.

223 2016 454 2066 templorum
474 2028 517 2052 ac
541 2016 864 2054 monimentorum
882 2017 1010 2055 aditus
1029 2016 1225 2055 exornavit
1249 2029 1345 2054 suo-.

222 2081 322 2107 rum.
351 2068 380 2106 J
383 2081 444 2106 am
465 2081 551 2106 vero
570 2069 648 2116 ille,
669 2070 736 2120 qui
755 2082 843 2107 cum
862 2070 1017 2118 AEtolis‚
1036 2070 1166 2108 Ennio
1184 2069 1342 2117 comite,

222 2121 391 2169 bellavit,
405 2122 581 2169 Fulvius,
590 2134 666 2160 non
678 2122 867 2166 dubitavit
875 2123 1016 2161 Martis
1026 2122 1227 2161 manubias
1239 2122 1336 2161 Mu-

220 2175 270 2219 sis
287 2187 513 2231 consecrare.
543 2175 690 2225 Quare,
700 2176 741 2214 in
752 2177 839 2227 *qua
853 2178 947 2231 urbe
957 2179 1202 2228 imperatores
1217 2187 1342 2229 prope
