1389 2339
20 2220 36 2231 v

224 84 300 124 DE
322 84 590 124 PROVINC.
612 84 849 122 CONSUL.
881 84 986 122 Cn.
1007 85 1043 120 8.
1111 84 1188 120 385

90 190 242 230 fectum.
284 191 433 230 Deinde
461 191 664 236 Albucius,
695 191 836 240 quoda
865 199 995 228 senatu
1028 190 1191 241 petebat,

90 244 171 294 ipse
189 244 259 282 sibi
277 245 317 282 in
332 245 504 283 Sardinia
523 252 608 281 ante
620 244 851 282 decreverat:
873 245 1065 281 constabat
1076 242 1191 284 enim,

92 299 269 335 Graecum
288 298 482 335 hominem
502 310 544 335 ac
570 297 691 334 levem
710 297 748 334 in
773 296 856 346 ipsa
874 296 1065 346 provincia
1084 295 1191 345 quasi

91 349 355 401 triumphasse.
393 350 529 401 Itaque
547 350 643 388 hanc
662 351 743 398 ejus
761 349 1007 387 temeritatem
1027 356 1191 390 senatuc,

90 403 364 454 supplicatione
382 403 579 453 denegata,
598 403 751 440 notavit.

145 456 219 495 Sed
233 456 380 494 fruatur
391 469 479 493 sane
493 456 563 494 hoc
577 456 706 493 solatio
721 469 732 500 3
762 461 874 505 atque
892 455 987 492 hanc
1007 455 1191 505 insignem

91 509 354 559 ignominiam,
392 509 572 559 quoniam
606 509 686 551 uni,
716 517 850 558 praeter
879 521 931 555 se,
969 508 1094 545 inusta
1122 516 1190 551 est,

88 569 197 612 putet
209 575 286 600 esse
296 562 495 606 leviorem;
516 561 736 606 dummodo,
749 562 856 610 cujus
870 562 1043 612 exemplo
1054 573 1092 598 se
1106 571 1193 597 con-

90 615 244 663 solatur,
259 616 340 663 ejus
352 614 495 652 exitum
509 622 695 664 exspectet
708 629 720 657 ;
748 614 954 664 praesertim
967 613 1103 651 cumin
1120 613 1193 649 Al-

91 668 202 705 bucio
216 680 283 706 nec
294 668 440 705 Pisonis
450 667 640 712 libidines,
653 679 719 704 nec
730 667 885 704 audacia
893 667 1045 704 Gabinii
1057 666 1169 704 fuerit
1179 680 1190 709 ;

90 720 162 759 hac
180 728 307 758 tamen
321 719 398 758 una
415 721 527 771 plagit
546 720 759 765 conciderit,
779 720 986 769 ignominia
1005 722 1164 757 senat-⁴28.

144 774 269 825 Atqui
281 774 374 811 duas
391 774 535 810 Gallias
547 773 614 823 qui
625 773 789 811 decernit
800 773 1014 811 consulibus
1032 773 1192 816 ‹luc-bus,

91 826 160 865 hos
188 827 322 865 retinet
351 828 486 864 ambo:
518 826 585 876 qui
614 833 741 864 autem
772 826 928 864 alteram
957 826 1136 866 Galliam,
1158 834 1194 861 et

90 887 157 917 aut
175 880 321 930 Syriam
342 887 408 917 aut
421 879 711 923 Macedonian13
732 886 858 916 tamen
873 879 1032 916 alterum
1046 879 1192 921 retinet,

91 941 128 970 et
138 932 179 970 in
189 934 384 983 utriusque
397 932 478 983 pari
490 933 624 969 scelere
635 932 821 982 disparem
834 932 1084 970 conditionem
1094 931 1191 969 facit.

92 986 260 1031 Faciam,
280 986 417 1037 inquit,
438 985 520 1022 inas
539 985 743 1036 praetorias,
763 992 806 1022 ut
826 985 954 1022 Pisoni
974 992 1010 1022 et
1029 985 1193 1022 Gabinio

90 1039 308 1077 succedatur
334 1039 473 1076 statim.
502 1039 543 1076 si
561 1037 622 1075 hic
647 1038 768 1075 sinat:
799 1046 881 1074 tum
901 1038 1001 1074 cnim
1022 1038 1172 1075 tribum.
1178 1051 1194 1073 s

89 1091 315 1130 intercedere
343 1092 500 1142 poterit,
529 1103 630 1128 nunc
666 1103 741 1128 non
770 1098 904 1141 potest.
954 1091 1088 1141 ltaque
1125 1104 1194 1141 ego

91 1144 206 1189 idem,
227 1146 294 1195 qui
320 1157 422 1182 nunc
440 1144 657 1182 consulibus
675 1144 736 1189 iis,
765 1144 831 1194 qui
858 1143 1041 1193 designati
1069 1154 1192 1188 erunt,

91 1198 239 1248 Syriam
260 1197 600 1247 Macedoniamque
627 1197 797 1243 decerno,
823 1196 1019 1234 decernam
1044 1197 1191 1234 casdem

89 1251 292 1302 praetorias,
313 1259 355 1288 ut
373 1258 410 1288 et
427 1258 601 1300 praetores
620 1261 764 1287 annuas
791 1250 998 1300 proxincias
1016 1249 1191 1293 habeant,

89 1311 126 1340 et
145 1316 206 1342 eos
224 1317 340 1354 quam
368 1304 536 1354 primum
564 1302 771 1349 videamus,
809 1315 903 1352 quos
930 1303 1057 1340 animo
1084 1316 1193 1353 aequo

89 1356 213 1395 videre
232 1369 308 1395 non
326 1369 536 1407 possumus.

156 1410 277 1448 VIII.
307 1410 395 1456 Sed,
427 1409 524 1446 mihi
554 1408 704 1455 credite,
743 1421 940 1460 nunquam
977 1408 1193 1446 succedetur

90 1462 179 1509 iuis,
200 1463 271 1500 nisi
289 1476 377 1501 cum
396 1462 440 1500 ea
457 1463 539 1512 lege
557 1462 750 1507 referetur,
763 1463 840 1513 qua
857 1462 1035 1500 intercedi
1049 1462 1095 1500 de
1107 1475 1192 1512 pro-

90 1515 220 1553 vinciis
256 1527 332 1553 non
367 1515 505 1553 licebit.
550 1515 698 1566 Itaque,
736 1515 807 1553 hoc
842 1523 1009 1565 tempore
1041 1516 1190 1561 amisso,

89 1580 211 1606 annus
229 1576 284 1606 est
301 1568 445 1618 integer
460 1567 563 1605 vobis
581 1568 877 1618 exspectandu83
897 1580 973 1618 quo
986 1568 1190 1616 interjecto,

89 1621 226 1659 civium
247 1622 453 1668 calamitas,
481 1621 665 1659 sociorum
691 1633 874 1666 aerumna,
893 1620 1192 1659 sceleratissimo-

88 1686 175 1712 rum
192 1674 393 1712 hominum
412 1674 631 1724 impunitas,
646 1681 885 1724 propagatur.

141 1727 258 1774 Quod
273 1728 304 1764 si
323 1734 446 1765 essent
459 1726 515 1764 illi
533 1727 667 1777 optimi
680 1727 763 1775 viri,
776 1734 902 1764 tamen
923 1739 992 1778 ego
1006 1726 1092 1764 mea
1109 1738 1192 1765 sen-

88 1780 206 1818 tentia
242 1780 286 1818 (ἴ.
319 1780 458 1818 Caesari
488 1779 762 1818 succedendum
799 1779 971 1817 nondum
1002 1787 1191 1829 putarem.

88 1832 180 1880 Qua
210 1832 257 1870 de
285 1845 323 1870 re
352 1832 489 1879 dicam,
513 1840 637 1883 patres
666 1833 876 1883 conscripti,
910 1832 1012 1882 quod
1045 1832 1188 1874 sentim

66 1912 70 1917 ,
87 1892 201 1936 atque
224 1886 331 1923 illam
350 1886 686 1936 interpellationem
704 1886 779 1924 mei
802 1885 1097 1931 familiarissimi,
1112 1885 1192 1935 quiz
1224 1916 1229 1918 .

86 1939 201 1988 paulo
225 1946 312 1976 ante
337 1938 546 1989 interrupta
570 1945 625 1976 est
648 1939 766 1977 oratio
783 1951 882 1986 mea,
903 1949 978 1975 non
997 1937 1192 1988 pertimes-

87 2003 183 2028 cam.
227 1992 354 2042 Negat
382 2003 444 2029 me
474 1992 529 2029 vir
549 1991 716 2042 optimus
747 1991 993 2029 inimiciorem
1027 1990 1191 2028 Gabinio

65 2077 69 2081 .
85 2043 220 2082 debere
238 2057 329 2090 esse,
349 2056 466 2094 quam
485 2044 648 2083 Caesari:
678 2056 831 2082 omnem
850 2043 950 2080 enim
969 2043 1073 2081 illam
1093 2049 1190 2091 tcm-

85 2104 284 2146 pestatem,
296 2098 358 2135 cui
376 2097 562 2142 cesserim,
576 2098 722 2135 caesare
737 2097 941 2147 impulsore
954 2104 1067 2146 atque
1080 2096 1190 2144 adju-

87 2158 166 2187 tore
179 2162 259 2188 esse
286 2150 499 2188 excitatam.
528 2150 601 2188 Cui
624 2151 653 2188 si
673 2151 838 2201 primum
855 2150 905 2187 sic
925 2149 1183 2199 respondeam,

139 2204 289 2250 (Orat.)
310 2214 412 2241 vot..
436 2214 507 2241 111.
839 2204 862 2240 2
895 2213 917 2239 ι,
