1455 2343
252 102 330 140 294
513 101 626 139 PRO
655 101 880 140 SEX'HO.
911 103 1016 140 CAP.
1034 102 1098 140 36.

257 208 336 255 nia,
345 209 494 247 senatus
502 209 702 248 auctoritas
708 209 970 260 impediretur,
975 209 1077 247 venit
1085 209 1242 247 tandem
1250 209 1375 248 conci-

259 262 303 300 lii
314 262 361 300 de
371 276 434 300 me
445 262 582 312 agendi
594 263 801 311 dies,VIII
809 263 997 302 calendas
1004 262 1240 301 Februarias.
1262 262 1374 300 Prin-

259 329 346 367 ceps
364 316 582 367 rogationis,
603 317 660 355 vir
681 317 779 355 mihi
800 316 1064 363 amicissimus,
1088 316 1140 364 Q.
1161 315 1373 362 Fabricius,

258 371 449 421 templum
463 370 659 421 aliquanto
672 379 759 409 ante
772 372 898 409 lucem
913 370 1120 422 occupavit.
1151 369 1317 417 Quietus
1331 382 1375 407 eo

261 423 324 462 die
343 424 509 471 Sextius,
528 424 574 471 is,
598 425 666 476 qui
690 432 744 463 est
761 424 808 463 de
825 425 864 463 vi
882 437 980 463 reus.
1017 424 1139 462 Actor
1164 424 1227 462 hic
1245 423 1375 461 defen-

262 490 399 529 sorque
418 490 539 516 causae
550 491 646 516 meae
660 479 756 516 nihil
770 479 1035 530 progreditur,
1024 491 1034 501 ·
1057 477 1212 516 consilia
1225 490 1378 528 exspec-

263 538 320 568 tat
337 531 580 569 inimicorum
606 545 791 570 meorum.
835 532 943 579 Quid
968 531 1040 580 illi,
1067 544 1234 583 quorum
1256 530 1378 569 consi-

262 584 314 623 lio
344 586 390 623 P.
411 585 563 623 Sextius
590 585 632 623 in
657 585 846 635 judicium
874 586 1059 624 vocatur?
1097 597 1174 636 quo
1202 598 1240 623 se
1267 591 1379 636 pacto

261 639 426 689 gerunt?
467 638 570 676 Cum
594 639 736 685 forum,
763 639 975 687 comitium,
999 638 1158 686 curiam,
1183 638 1309 683 multa
1330 638 1378 675 de

263 699 385 740 nocte,
406 693 561 730 armatis
578 692 813 740 hominibus,
840 706 884 731 ac
908 693 1023 731 servis
1040 692 1244 744 plerisque,
1268 704 1378 730 occu-

263 746 468 796 pavissent,
497 746 686 797 impetum
713 746 859 785 faciunt
885 748 926 785 in
954 746 1199 791 Fabricium3
1240 757 1379 784 manus

262 799 450 845 afferunt3
480 800 656 838 occidunt
674 801 902 846 nonnullos,
931 801 1134 838 vulnerant
1150 799 1305 837 multos.

318 853 548 892 Venientem
573 854 612 892 in
631 854 774 902 forum,
793 855 921 892 virum
937 854 1130 905 optimum
1149 859 1186 891 et
1204 859 1377 891 constan-

263 907 470 954 tissimum,
497 907 558 945 M.
580 907 769 959 Cispium,
797 908 997 946 tribunum
1022 906 1160 957 plebis,
1186 907 1224 945 vi
1249 906 1378 958 depel-

265 961 375 998 lunt:
398 961 539 999 caedem
553 961 594 999 in
608 961 690 1000 foro
704 961 917 999 maximam
931 960 1099 999 faciunt:
1120 960 1376 1011 universique,

261 1013 446 1053 destrictis
464 1015 600 1066 gladiis
618 1023 655 1053 et
669 1015 847 1061 cruentis,
860 1015 902 1052 in
915 1014 1094 1053 omnibus
1105 1013 1178 1052 fori
1191 1014 1377 1065 partibus,

261 1067 419 1106 fratrem
441 1081 588 1115 meum,
614 1069 740 1107 virum
764 1069 969 1120 optimum,
992 1067 1257 1114 fortissimum,
1282 1068 1378 1105 mei-

260 1134 337 1172 que
349 1122 668 1168 amantissimum,
684 1123 801 1161 oculis
813 1124 1045 1174 quaerebant,
1059 1134 1148 1160 voce
1161 1123 1377 1173 poscebant.

259 1175 442 1223 Quorum
461 1176 524 1214 ille
543 1177 626 1214 telis
639 1177 814 1224 libenter,
829 1177 870 1213 in
889 1183 994 1214 tanto
1008 1176 1115 1213 luctu
1134 1188 1177 1214 ac
1196 1175 1379 1214 desiderio

260 1229 352 1277 mei,
372 1241 448 1267 non
460 1230 711 1281 repugnandi,
733 1230 800 1268 sed
818 1229 1003 1268 moriendi
1016 1228 1144 1277 causa,
1157 1242 1292 1280 corpus
1310 1230 1378 1267 ob-

261 1283 408 1320 tulisset
433 1297 561 1329 suum,
591 1284 665 1321 nisi
692 1297 801 1322 suam
829 1284 947 1322 vitam
976 1283 1025 1320 ad
1050 1296 1156 1334 spem
1186 1283 1263 1320 mei
1291 1283 1377 1320 red-

260 1335 336 1373 itus
349 1337 583 1375 reservasset.
600 1337 726 1376 Subiit
738 1345 866 1375 tamen
878 1337 956 1375 vim
971 1336 1077 1374 illam
1093 1336 1277 1374 nefariam
1289 1348 1379 1374 con-

260 1390 526 1428 sceleratorum
547 1391 763 1428 lati-onum:
808 1398 858 1437 et,
882 1403 970 1428 cum
996 1389 1045 1427 ad
1066 1389 1191 1427 fratris
1215 1390 1377 1428 salutem

260 1456 284 1480 a
310 1444 454 1494 populo
482 1444 660 1481 Romano
687 1444 962 1495 deprecandam
989 1443 1163 1491 venisset,
1192 1444 1328 1494 pulsus
1356 1457 1376 1482 e

261 1497 424 1544 Rostris,
444 1497 484 1534 in
503 1497 654 1535 comitio
670 1498 802 1546 jacuit,
823 1511 938 1548 seque
957 1509 1150 1535 servorum
1169 1504 1206 1534 et
1223 1497 1377 1536 liberto-

260 1563 348 1588 rum
369 1551 586 1602 corporibus
605 1551 770 1596 obtexit3
800 1551 995 1602 vitamque
1014 1557 1097 1588 tum
1117 1563 1240 1598 suam,
1256 1551 1376 1589 noctis

261 1610 298 1641 et
318 1604 421 1654 fugae
439 1605 626 1655 praesidio,
647 1617 724 1642 non
740 1605 837 1654 juris
852 1605 1175 1655 judiciorumque,
1192 1604 1372 1643 defendit.

261 1656 496 1696 Meministis
515 1665 613 1706 tum,
631 1658 790 1708 judices,
811 1659 1029 1709 corporibus
1043 1658 1185 1696 civium
1199 1658 1373 1696 Tiberim

259 1712 454 1762 compleri,
475 1712 617 1750 cloacas
634 1713 811 1761 referciri,
832 1725 852 1750 e
870 1712 951 1750 foro
966 1711 1134 1773 spongiis
1147 1711 1276 1762 effingi
1290 1724 1376 1750 san-

258 1765 433 1815 guinem,
444 1773 488 1803 ut
506 1778 637 1804 omnes
656 1773 801 1804 tantam
820 1765 928 1804 illam
943 1766 1106 1817 copiam,
1124 1772 1161 1803 et
1175 1772 1376 1816 tammag-

257 1818 416 1857 nificum
435 1826 675 1870 apparatum,
696 1832 773 1858 non
791 1819 984 1872 privatum
1004 1827 1071 1858 aut
1083 1819 1290 1870 plebeium,
1308 1819 1374 1857 sed

256 1872 460 1923 patricium
489 1880 525 1911 et
549 1873 782 1924 praetorium,
810 1887 889 1912 esse
911 1873 1205 1912 arbitrarentur:
1239 1872 1374 1922 [1111111-

256 1928 369 1977 que,]
391 1939 514 1978 neque
532 1934 619 1965 ante
641 1927 712 1965 hoc
727 1936 891 1978 tempus,
904 1940 1030 1979 neque
1048 1927 1119 1964 hoc
1137 1926 1219 1978 ipso
1237 1927 1373 1965 turbu-

255 1979 467 2018 lentissimo
485 1980 560 2027 die,
578 1981 848 2020 criminationis
863 1994 941 2019 esse
958 1982 1000 2019 in
1020 1980 1209 2020 Sextium.

262 2058 267 2061 <
308 2034 511 2072 XXXVI.
539 2034 666 2085 Atqui
699 2035 753 2072 vis
779 2035 819 2072 in
851 2035 933 2073 foro
960 2042 1106 2073 versata
1130 2041 1196 2072 est.
1232 2033 1370 2080 Certe3

254 2087 409 2137 quando
428 2087 530 2125 enim
549 2090 671 2137 major
685 2091 702 2126 Ρ
731 2089 980 2140 lapidationes
998 2101 1164 2139 persaepe
1177 2087 1343 2126 vidimus
1359 2101 1369 2124 :

252 2152 329 2178 non
348 2141 401 2178 ita
420 2155 532 2192 saepe,
553 2142 618 2179 sed
639 2141 801 2180 nimium
820 2151 949 2181 tamen
969 2155 1082 2193 saepe,
1101 2141 1272 2192 gladios:
1299 2154 1369 2178 cae-

246 2193 335 2233 dem
356 2208 443 2234 vero
469 2203 627 2245 tantam,
650 2202 772 2236 tantos
796 2209 946 2236 acervos
971 2208 1171 2248 corporum
1198 2202 1364 2234 exstruc-
