1425 2334
384 58 498 100 PRO
518 58 752 99 FLACCO.
783 59 887 98 CAP.
913 60 972 99 19.
1184 63 1232 102 19

125 165 298 218 gationis,
319 165 517 218 Lysanias,
537 166 694 218 adeptus
713 174 769 204 est
787 166 956 204 ordinem
976 167 1202 206 senatorium
1218 183 1229 206 ε

126 220 206 267 sed,
229 233 317 259 cum
340 233 419 258 rem
442 220 636 272 publicam
661 220 823 258 nimium
843 220 1144 270 amplecteretur,
1164 235 1231 272 pe-

126 273 272 312 culatfis
291 274 506 321 damnatus,
521 281 557 311 et
574 276 672 312 bona
690 280 727 311 et
745 274 972 311 senatorium
987 286 1124 311 nomen
1136 275 1231 312 ami-

126 326 186 364 sit.
217 327 274 364 Hi
288 334 362 365 tres
380 327 493 365 etiam
512 325 631 364 aerarii
650 327 766 364 nostri
784 327 931 364 tabulas
949 327 1062 364 falsas
1078 340 1155 365 esse
1167 340 1232 366 vo-

127 378 303 418 luerunt:
333 392 423 418 nam
443 393 566 418 servos
585 392 720 417 novem
740 393 778 417 se
796 380 952 430 professi
970 389 1059 418 sunt
1077 381 1228 427 habere,

127 445 216 470 cum
227 433 382 472 omnino
395 434 474 471 sine
486 433 622 471 comite
634 447 656 471 v
659 433 831 471 enissent.
861 433 1023 471 Deci-eto
1036 434 1231 473 scribendo

126 486 296 537 primum
314 487 422 525 video
435 486 568 524 affuise
587 486 821 537 Lysaniamg
852 488 960 535 cujus
979 487 1102 524 fratris
1116 489 1230 536 bona,

127 539 257 590 quod
247 553 278 578 1s
297 541 438 591 populo
449 552 524 578 non
543 540 724 585 solvebat,
744 547 876 590 praetoi
863 553 901 577 e
915 530 1063 586 Flacco,
1079 542 1231 591 publice

126 593 347 639 venierunt3
377 601 556 644 praeterea
575 593 777 643 Philippis
804 601 871 640 est,
900 593 1077 644 Lysaniae
1100 606 1228 644 gener,

124 653 162 684 et
182 646 438 692 Hermobius;
459 647 567 696 cujus
584 646 711 695 frater,
727 646 850 694 Poles,
871 646 961 684 item
978 648 1147 697 pecuniae
1157 661 1231 699 pu-

122 699 231 738 blicae
250 707 306 738 est
323 699 605 738 condemnatus.

178 752 298 791 XIX.
328 753 487 800 Dicunt,
509 766 546 791 se
565 754 713 800 Flacco,
736 760 773 791 et
797 753 842 791 iis
868 752 936 803 qui
960 753 1073 790 simul
1093 762 1228 803 essent,

125 805 392 845 drachmarum
412 806 494 845 XV
512 806 634 844 millia
651 807 806 844 dedisse.
848 806 948 844 Cum
968 806 1116 844 civitate
1135 808 1231 845 mihi

126 872 184 898 res
203 866 258 898 ost
275 859 469 906 acerrima,
498 858 555 908 [et
584 859 909 898 conficientissima
927 860 1120 897 literarum
1125 862 1157 912 ,]
1190 861 1230 899 in

126 926 205 964 qua
222 925 404 950 nummus
428 913 656 951 commoveri
674 913 802 951 nullus
826 920 947 963 potest
964 913 1044 950 sine
1062 914 1232 965 quinque

125 966 361 1018 praetoribus,
392 966 511 1004 tribus
537 966 799 1017 quaestoribus,
831 973 993 1016 quatuor
1022 968 1230 1015 mensariis,

125 1019 194 1071 qui
212 1019 315 1070 apud
332 1019 415 1057 illos
434 1033 456 1057 a
474 1020 616 1070 populo
635 1027 818 1057 creantur.
858 1019 923 1056 Ex
948 1019 1019 1057 hoc
1037 1026 1142 1057 tanto
1160 1033 1233 1058 nu-

123 1084 228 1111 mero
256 1072 439 1111 deductus
468 1080 523 1110 est
548 1085 661 1110 nemo
678 1087 688 1109 2
719 1080 769 1120 et,
790 1085 878 1110 cum
896 1072 1003 1109 illam
1031 1074 1233 1123 pecuniam

123 1125 351 1164 nominatim
375 1125 511 1163 Flacco
536 1125 665 1163 datam
694 1125 882 1170 referant3
912 1126 1095 1174 majorem
1118 1127 1232 1164 etiam

123 1179 294 1230 aliquam
313 1191 401 1217 cum
418 1179 508 1216 huic
521 1178 636 1217 iidem
656 1178 800 1227 darent,
820 1179 859 1216 in
875 1179 994 1216 aedem
1015 1191 1159 1216 sacram
1173 1194 1232 1218 re-

125 1232 323 1270 ficiendam
343 1245 382 1270 se
400 1232 652 1283 perscripsisse
667 1232 821 1270 dicunt:
853 1232 956 1283 quod
973 1232 1131 1270 minime
1143 1246 1232 1271 con-

123 1286 227 1324 venit
242 1300 252 1323 =
282 1298 372 1323 nam
391 1293 458 1323 aut
475 1286 604 1324 omnia
621 1286 764 1324 occulte
778 1285 971 1323 referenda
984 1285 1152 1333 fuerunt,
1165 1295 1233 1325 aut

123 1347 252 1390 aperte
262 1339 400 1377 omnia.
423 1339 523 1377 Cum
535 1340 769 1390 perscribunt
777 1339 1001 1376 nominatim
1009 1338 1158 1386 Flacco,
1172 1341 1231 1377 ni-

123 1391 181 1430 hil
193 1392 341 1441 timent,
351 1392 446 1430 nihil
458 1400 652 1430 verentur:
674 1405 761 1430 cum
770 1392 873 1443 operi
884 1392 1036 1443 publico
1048 1392 1229 1441 referunt,

124 1444 240 1484 iidem
263 1445 434 1483 homines
453 1446 577 1483 subito
595 1446 787 1492 eumdem,
808 1459 921 1496 quem
941 1452 1230 1494 contemserant,

124 1499 405 1550 pertimescunt.
426 1499 467 1538 Si
478 1506 615 1550 praetor
627 1499 742 1546 dedit,
758 1507 803 1536 111
813 1506 868 1536 est
880 1499 1076 1549 scriptum,
1093 1513 1116 1537 a
1127 1514 1232 1550 quae-

126 1559 223 1590 shore
235 1552 467 1596 numeravit;
482 1561 645 1604 quaestor
657 1566 680 1590 a
690 1565 821 1590 mensa
831 1552 1006 1603 publica3
1021 1565 1151 1590 mensa
1165 1561 1231 1591 aut

125 1618 174 1644 ex
182 1605 369 1656 vectigali,
379 1614 445 1644 aut
457 1619 503 1644 ex
515 1606 667 1644 tributo.
689 1606 903 1656 Nunquam
916 1606 985 1644 erit
995 1605 1097 1644 istud
1109 1606 1232 1645 simile

126 1659 308 1707 criminis,
329 1659 401 1697 nisi
419 1659 515 1696 mihi
533 1667 652 1697 totam
671 1659 869 1706 rationem,
889 1659 994 1697 omni
1006 1667 1043 1697 et
1056 1672 1233 1710 persona-

123 1724 211 1750 rum
230 1725 366 1763 genere
384 1721 421 1750 et
433 1713 643 1760 literarum,
663 1711 884 1763 explicatis,
913 1713 987 1760 vel,
1008 1712 1111 1763 quod
1126 1721 1180 1751 est
1191 1713 1232 1750 in

124 1763 257 1804 eodem
268 1764 415 1804 decreto
426 1766 622 1817 scriptum,
635 1765 807 1804 homines
821 1766 1043 1804 clarissimos
1057 1766 1232 1814 civitatis,

125 1818 369 1869 amplissimis
386 1832 474 1857 usos
491 1819 710 1866 honoribus,
732 1819 804 1857 hoc
823 1827 981 1870 praetore
1000 1819 1233 1858 circumven-

122 1879 193 1910 tos.
222 1872 302 1910 Cur
319 1871 361 1909 hi
379 1885 502 1924 neque
513 1873 552 1910 in
568 1872 711 1922 judicio
729 1872 879 1920 adsunt,
893 1885 1016 1924 neque
1030 1873 1070 1910 in
1085 1873 1232 1911 decreto

125 1924 402 1964 nominantur?
430 1938 507 1964 non
526 1926 628 1964 enim
646 1925 754 1964 credo
773 1925 974 1977 significari
991 1926 1062 1964 isto
1086 1926 1168 1964 loco
1186 1926 1234 1963 il-

122 1979 220 2032 111111,
236 1978 304 2029 qui
321 1991 361 2016 se
380 1977 502 2030 erigit,
523 1979 780 2017 Heraclidem.

178 2031 323 2070 Utrum
340 2031 442 2069 enim
455 2032 496 2070 in
507 2032 721 2071 clarissimis
739 2039 794 2071 est
811 2032 982 2070 civibus'
972 2045 1018 2079 15,
1039 2045 1153 2083 quem
1169 2032 1233 2080 ju-

128 2084 296 2124 dicatum
313 2083 377 2123 hic
395 2084 507 2123 duxit
525 2085 796 2136 Hermippus?
825 2086 893 2136 qui
911 2085 1039 2124 hanc
1029 2097 1150 2135 lpsam
1177 2084 1232 2122 le-

128 2137 334 2190 gationem,
362 2150 480 2190 quam
501 2137 576 2177 hab
551 2139 629 2189 bet,
658 2151 735 2178 non
765 2139 907 2190 accepit
926 2152 948 2177 a
976 2137 1052 2177 suis
1071 2137 1238 2187 civibus,
