1455 2343
196 61 274 99 360
471 61 585 100 PRO
613 60 816 100 COELIO.
847 60 952 99 CM».
978 61 1040 106 17.

482 167 721 177 ......

194 228 323 271 garet3
346 235 431 272 quae
442 182 598 261 haberet
608 224 735 274 palam
750 223 942 261 decretum
955 235 1102 274 semper
1113 222 1302 273 aliquem·
1290 251 1304 267 ‚

195 275 304 323 cujus
333 275 373 312 in
400 275 540 323 hortos,
572 276 746 325 domum,
775 277 904 323 Baias,
925 277 1011 325 jure
1036 289 1103 314 suo
1128 276 1304 313 libidines

195 328 369 366 omnium
395 337 673 375 commearentg
704 344 790 381 quae
814 330 928 368 etiam
951 331 1067 367 aleret
1091 329 1304 367 adolescen-

195 388 264 428 teS,
285 390 321 420 et
339 383 612 433 parcimoniam
635 391 789 434 patrum
808 384 886 421 suis
905 384 1095 421 sumtibus
1117 391 1304 421 sustenta-

195 442 276 479 ret3
307 435 338 473 si
350 436 464 474 vidua
482 437 611 483 libere,
624 445 797 488 proterva
808 438 1033 488 petulanter,
1050 437 1153 475 dives
1170 437 1301 483 effuse,

192 488 393 527 libidinosa
419 491 627 528 meretricio
655 503 759 528 more
786 491 950 535 viveret;
993 490 1207 528 adulterum
1236 502 1305 540 ego

193 549 382 593 putarem,
398 544 429 581 si
448 544 532 594 quis
551 545 648 582 hanc
662 545 777 594 paulo
794 544 949 582 liberius
969 544 1194 582 salutasset?

247 596 390 634 XVII.
421 597 534 635 Dicet
560 598 710 648 aliquis,
732 600 761 619 a<
783 598 879 635 Haec
897 597 1013 647 igitur
1036 604 1091 634 est
1110 604 1176 635 tua
1194 596 1305 634 disci-

192 649 329 700 plina?
351 650 401 689 sic
420 658 462 688 tu
481 651 646 688 instituis
665 651 915 689 adolescentes
929 653 946 688 Ρ
967 652 1015 688 ob
1033 650 1132 689 hanc
1151 663 1303 688 causam

193 704 264 741 tibi
281 704 727 755 hunc,puerum,parens
746 704 1024 742 commendavit
1036 712 1072 742 et
1083 704 1249 751 tradidit,
1263 710 1306 741 ut

192 757 232 794 in
252 771 379 796 amore
398 766 434 796 et
453 758 710 819 voluptatibus
725 758 1011 806 adolescentiam
1027 771 1132 796 suam
1149 758 1307 796 colloca-

193 818 276 848 ret·
266 840 277 856 ,
310 820 346 848 et
357 812 455 850 hanc
469 820 507 849 tu
524 813 641 849 vitam
657 820 771 863 atque
789 812 870 849 haec
889 811 1013 850 studia
1031 811 1289 850 defenderes.'
1261 824 1274 839 ν

193 864 295 914 Ego,
317 866 348 903 si
366 866 446 916 qui,
465 866 623 915 judices,
643 866 715 903 hoc
729 867 861 903 robore
880 865 1011 912 animi,
1032 873 1145 916 atque
1163 865 1258 903 hac
1247 877 1307 902 1n·

194 918 279 956 dole
299 919 449 957 virtutis
467 933 509 957 ac
531 920 770 957 continentiae
791 919 878 967 fuit,
899 926 943 957 ut
961 926 1150 970 respueret
1174 931 1306 956 omnes

195 973 423 1024 voluptates,
452 986 681 1024 omnemque
706 973 793 1010 vitae
818 987 895 1010 suae
928 986 1080 1011 cursum
1109 973 1149 1010 in
1178 973 1307 1010 labore

193 1028 357 1079 corporis
371 1035 485 1079 atque
503 1028 542 1064 in
562 1027 680 1064 animi
698 1027 934 1064 contentione
948 1027 1143 1065 conficeret
1159 1040 1170 1071 3
1192 1039 1308 1077 quem

193 1095 269 1120 non
291 1082 411 1134 quies,
432 1094 508 1119 non
533 1080 714 1127 remissio,
738 1093 814 1118 non
842 1081 1048 1132 aequalium
1072 1080 1210 1124 studia,
1230 1092 1307 1117 non

193 1136 290 1182 ludi,
318 1149 395 1173 non
420 1134 590 1173 convivia
617 1134 867 1179 delectarent3
905 1134 1002 1172 nihil
1029 1135 1068 1171 in
1088 1134 1166 1171 vita
1193 1147 1308 1184 expe-

194 1190 355 1228 tendum
377 1196 542 1240 putaret,
563 1188 634 1225 nisi
657 1188 761 1239 quod
787 1196 880 1226 esset
905 1201 992 1225 cum
1016 1188 1129 1225 laude
1154 1194 1191 1225 et
1218 1200 1305 1230 cum

193 1243 377 1294 dignitate
402 1244 673 1292 conjunctum;
703 1242 819 1289 hunc,
842 1242 929 1279 mea
955 1241 1152 1288 sententia,
1171 1241 1307 1279 divinis

194 1297 424 1347 quibusdam
453 1296 561 1334 bonis
592 1296 819 1333 instructum
852 1303 965 1346 atque
994 1303 1170 1332 ornatum
1200 1302 1306 1345 puto.

194 1350 260 1388 Ex
278 1350 349 1387 hoc
368 1362 502 1399 genere
519 1349 604 1386 illos
628 1348 743 1386 fuisse
763 1348 934 1395 arbitror,
956 1348 1151 1395 Camillos,
1173 1348 1307 1386 Fabri-

192 1404 281 1451 cios,
299 1402 449 1451 Cuzios,
469 1415 676 1452 omnesque
688 1414 762 1450 ecs,
779 1402 846 1452 qui
859 1402 919 1439 hae
890 1414 940 1439 c
959 1415 1005 1439 ex
1019 1401 1099 1438 min
1102 1401 1189 1439 imis
1201 1410 1307 1440 tanta

190 1458 370 1495 fecerunt.

239 1510 388 1548 Verum
402 1510 483 1547 haec
501 1522 640 1560 genera
650 1509 835 1547 virtutum
850 1521 926 1547 non
941 1510 1065 1547 solum
1082 1509 1121 1546 in
1134 1509 1304 1547 moribus

193 1564 344 1609 nostris,
365 1563 430 1601 sed
455 1564 519 1601 vix
544 1565 626 1612 jam
649 1563 689 1600 in
716 1563 836 1610 libris,
865 1563 1114 1613 reperiuntur.
1154 1562 1305 1600 Chartae

193 1630 360 1669 quoque,
375 1631 461 1668 quae
475 1617 581 1654 illam
592 1616 789 1667 pristinam
803 1617 1036 1654 severitatem
1049 1616 1305 1664 continebant,

194 1672 481 1715 obsoleverunt3
512 1683 635 1721 neque
655 1671 778 1707 solum
798 1670 900 1720 apud
919 1682 1001 1717 nos,
1023 1670 1089 1720 qui
1111 1670 1209 1707 hanc
1227 1682 1306 1707 sec-

193 1732 273 1762 tam
294 1724 553 1774 rationemque
572 1724 671 1768 vitae,
696 1737 735 1761 re
753 1724 875 1774 magis
894 1736 1011 1774 quam
1030 1723 1167 1769 verbis,
1188 1723 1305 1761 secuti

191 1791 340 1824 sumus,
357 1778 421 1815 sed
436 1778 550 1815 etiam
565 1777 667 1828 apud
681 1777 847 1824 Graecos,
860 1777 1094 1814 doctissimos
1107 1776 1302 1822 homines;

193 1832 348 1882 quibus,
368 1843 456 1868 cum
475 1831 596 1868 facere
615 1843 688 1867 non
709 1839 874 1881 possent,
894 1831 1000 1881 loqui
1014 1837 1141 1867 tamen
1162 1837 1199 1868 et
1216 1830 1305 1868 scri-

191 1886 279 1923 bere
292 1885 447 1922 honeste
466 1891 502 1922 et
520 1884 719 1935 magnifice
730 1884 877 1922 licebat.
906 1884 1000 1921 Alia
1014 1884 1204 1934 quaedam,
1217 1895 1305 1920 mu-

193 1938 279 1976 tatis
299 1938 456 1989 Graeciae
473 1938 719 1988 temporibus,
735 1944 923 1988 praecepta
941 1937 1176 1975 exstiterunt.

247 1993 383 2042 Itaque
396 1992 473 2037 alii,
490 1991 694 2042 voluptatis
707 1992 819 2029 causa
831 1990 960 2028 omnia
971 1991 1156 2041 sapientes
1167 1990 1301 2039 facere,

191 2045 394 2090 dixerunt3
434 2058 558 2095 neque
587 2046 634 2082 ab
660 2044 731 2082 hac
760 2045 937 2082 orationis
962 2044 1198 2094 turpitudine
1219 2057 1304 2082 eru-

189 2099 260 2136 diti
279 2099 451 2137 homines
469 2099 713 2148 refugerunt:
745 2098 811 2136 alii
829 2111 918 2136 cum
929 2098 1122 2149 voluptate
1141 2097 1305 2149 dignita-

190 2160 267 2191 tem
288 2152 592 2202 conjungendam
611 2159 865 2202 putaverunt3
886 2159 930 2190 ut
946 2164 1002 2190 res
1019 2150 1188 2189 maxime
1207 2151 1304 2189 inter
