1425 2334
253 120 331 161 DE
359 123 601 166 HARUSP.
630 129 895 172 RESPONS.
926 135 1029 175 CAP.
1051 139 1087 176 8.
1147 139 1222 179 195

119 235 229 265 mum
254 228 440 280 violasset,
468 240 596 273 conixa
619 238 892 288 rempublicam
915 255 993 281 esse
1013 243 1217 284 facturum.

118 278 244 330 Nego,
263 283 343 322 ullo
360 284 408 323 de
424 298 535 337 opere
552 289 720 339 publico,
739 291 786 329 de
804 294 1050 344 monimento,
1064 298 1111 336 de
1125 306 1221 337 tem-

112 331 192 382 p10,
211 341 267 372 tot
284 340 432 376 senatus
450 349 596 380 exstare
613 345 797 393 consulta,
811 354 904 396 quot
922 349 969 386 de
987 351 1071 388 mea
1087 351 1215 401 domn,

114 397 232 434 quam
251 398 400 429 senatus
425 405 556 443 unam,
588 404 673 446 post
694 397 791 437 hanc
809 401 941 438 urbem
960 404 1216 455 constitutam,

113 449 162 476 ex
179 442 309 481 aerario
326 444 599 496 aedificandam,
628 462 651 487 a
668 452 907 501 pontificibus
925 455 1173 506 liberandam,
1194 473 1218 497 a

72 540 74 542 v
111 493 392 543 magistratibus
408 498 698 553 defendendam,
717 518 742 542 a
755 506 947 554 judicibus
964 509 1219 561 puniendam,

107 552 270 595 puniret.

163 599 209 637 P.
223 600 391 653 Valerio,
403 618 473 656 pro
484 609 662 648 maximis
672 610 711 648 in
723 614 996 664 rempublicam
1009 617 1213 664 beneficiis,

105 649 195 690 data
212 653 349 695 domus
360 668 416 696 est
427 659 466 697 in
482 659 561 710 [via
572 664 725 713 publica
738 667 771 717 ε]
786 674 825 704 at
838 668 933 705 mihi
945 669 984 706 in
997 670 1145 709 Palatio
1156 684 1216 709 re-

106 704 262 746 stituta:
290 709 347 748 illi
364 711 494 760 locus3
524 723 564 753 at
581 717 676 754 mihi
694 719 807 757 etiam
826 722 984 771 parietes
1003 730 1117 774 atque
1135 733 1212 763 tec-

106 763 191 796 tum
207 774 218 797 z
247 761 319 810 illi,
346 777 462 815 quam
492 767 572 818 ipse
595 769 742 820 privato
767 773 853 821 jure
876 781 1067 821 meretum
1097 778 1208 827 mihi,

105 823 223 861 quam
240 817 392 865 publice
415 821 657 871 magistratus
675 837 805 864 omnes
826 827 1078 867 defenderent.
1109 830 1212 878 Quae

104 865 260 914 quidem
275 882 345 920 ego
363 871 395 909 si
412 881 480 911 aut
492 888 559 925 per
572 888 648 924 me,
661 885 728 916 aut
741 880 789 916 ab
801 880 897 927 aliis,
911 881 1111 929 haberem
1132 896 1208 922 non

103 919 346 967 praedjcarem
360 925 464 975 apud
482 940 562 976 vos,
582 941 630 967 ne
648 931 760 969 nimis
778 933 930 983 gloriari
941 935 1094 974 viderer.
1115 937 1206 985 Sed,

103 982 192 1009 cum
210 974 287 1012 sint
303 976 400 1015 mihi
418 979 506 1018 data
524 994 547 1019 a
566 983 684 1032 vobis,
709 997 796 1023 cum
816 999 859 1024 ea
877 994 1106 1027 attententur
1125 992 1207 1039 ejus

102 1023 249 1075 lingua,
270 1030 378 1078 cujus
396 1040 506 1072 antea
533 1047 650 1073 manu
670 1050 797 1076 eversa
814 1052 879 1077 vos
898 1041 994 1078 mihi
1023 1050 1060 1080 et
1078 1043 1207 1082 liberis

101 1078 196 1116 meis
220 1082 398 1122 manibus
416 1088 546 1126 vestris
573 1089 810 1138 reddidistis;
839 1105 916 1130 non
934 1107 1004 1145 ego
1021 1095 1069 1134 de
1095 1097 1205 1145 meis,

91 1130 168 1168 ‘sed
181 1132 229 1171 de
247 1137 391 1185 vestris,
411 1138 519 1178 factis
536 1142 694 1193 loquor:
726 1156 794 1184 nec
812 1158 952 1194 vereor,
967 1160 1016 1185 ne
1027 1148 1108 1187 haec
1120 1161 1208 1189 mea

101 1192 311 1226 voetrorum
329 1191 595 1232 beneficiorum
612 1196 827 1247 praedicatio
844 1211 919 1238 non
939 1208 1046 1251 grata
1063 1203 1204 1254 potius,

98 1249 216 1288 quam
234 1253 427 1293 arrogans,
447 1246 629 1286 videatur.

151 1290 415 1346 Quamquam,
435 1298 467 1337 si
483 1312 560 1348 me,
580 1303 694 1341 tantis
711 1304 903 1346 laboribus
920 1320 989 1358 pro
1007 1310 1207 1348 communi

95 1343 217 1384 salute
233 1349 490 1400 perfunctum,
517 1354 663 1394 efferret
680 1357 884 1409 aliquando
901 1360 950 1398 ad.
968 1362 1141 1411 gloriam,
1161 1363 1202 1402 in

95 1396 302 1440 refutandis
319 1405 527 1444 maledictis
545 1408 805 1459 improborum
834 1412 1050 1463 hominum,
1081 1416 1201 1455 animi

96 1450 253 1500 quidam
270 1455 390 1505 dolor,
410 1459 496 1509 quis
513 1472 589 1500 non
607 1462 845 1513 ignosceret?
882 1466 976 1505 Vidi
995 1469 1096 1506 enim
1115 1469 1199 1508 hes-

93 1509 201 1543 terno
230 1506 292 1546 die
320 1512 526 1560 quemdam
551 1525 880 1565 murmurantem3
909 1533 1025 1571 quem
1050 1522 1201 1561 aiebant

92 1566 230 1607 negare
244 1560 340 1601 ferre
357 1576 420 1602 me
437 1578 558 1616 posse,
578 1569 682 1619 quia,
702 1583 790 1609 cum
813 1574 861 1610 ab
885 1572 956 1612 hoc
975 1575 1105 1613 eodem
1125 1576 1200 1613 im-

89 1611 292 1659 purissimo
310 1617 494 1667 parricida
508 1633 674 1671 rogarer,
691 1626 799 1673 cujus
814 1638 932 1664 essem
952 1627 1124 1676 civitatis,
1138 1642 1198 1667 re-

89 1665 237 1712 spondi,
255 1679 332 1716 me,
351 1673 599 1721 probantibus
617 1683 654 1714 et
672 1677 776 1716 vobis
795 1685 831 1716 et
845 1680 1036 1730 equitibus
1048 1682 1198 1720 Roma-·

90 1715 162 1764 nis,
183 1719 263 1766 ejus
281 1733 373 1771 esse,
389 1737 476 1775 quae
493 1739 615 1766 carere
632 1742 695 1767 me
713 1742 789 1768 non
817 1733 1010 1782 potuisset.
1040 1735 1128 1782 lue,
1150 1743 1197 1773 ut

88 1769 234 1819 opinor,
253 1773 450 1824 ingemuit.
480 1778 587 1826 Quid
600 1781 717 1832 igitur
728 1785 1025 1835 responderem?
1047 1791 1194 1839 (quaero

88 1833 136 1859 ex
153 1835 197 1861 eo
215 1825 310 1876 ipso,
330 1829 397 1879 qui
420 1830 516 1870 ferre
534 1839 597 1873 me
614 1847 691 1873 non
710 1845 848 1887 potest)
879 1851 942 1877 me
971 1840 1091 1878 civem
1115 1854 1194 1879 esse

87 1874 309 1917 Romanum
324 1883 342 1919 Ρ
368 1882 513 1923 literate
529 1889 814 1938 respondissem.
844 1891 1094 1931 Tacuissem?
1123 1894 1189 1932 de-

84 1934 228 1969 sertum
241 1935 448 1983 negotium.
469 1938 599 1979 Potest
609 1942 812 1994 quisquam
823 1945 893 1993 vir,
905 1945 945 1982 in
957 1948 1068 1984 rebus
1082 1959 1192 1997 mag-

84 1980 143 2020 nis
161 1995 249 2022 cum
267 1985 410 2027 invidia
428 1999 608 2040 versatuS,
625 1996 714 2034 satis
728 1997 890 2047 graviter
901 2006 1029 2036 contra
1040 1998 1185 2037 inimici

83 2038 348 2078 contumeliam
359 2041 442 2082 sine
459 2044 526 2083 sua
536 2046 650 2086 laude
663 2050 886 2100 respondere
900 2053 917 2089 Ρ
945 2051 1005 2089 At
1018 2051 1096 2102 ipse
1108 2064 1186 2090 non

83 2089 197 2127 modo
213 2094 425 2143 respondet,
444 2098 631 2150 quidquid
647 2109 782 2151 potest,
798 2116 887 2141 cum
902 2111 958 2142 est
967 2104 1184 2150 lacessitum

83 2140 149 2179 sed
162 2143 276 2184 etiam
292 2148 448 2198 gaudet,
468 2163 507 2190 se
524 2153 573 2190 ab
590 2154 734 2203 amicis,
753 2155 847 2207 quid
865 2157 1100 2208 respondeat,
1120 2157 1188 2195 ad.

84 2204 240 2235 menen.
