1429 2343
244 98 325 136 342
491 96 553 135 IN
575 94 892 135 VATINIUM.
924 94 1028 134 CAP.
1054 96 1115 141 17.

303 204 420 251 Quod
440 204 471 242 si
484 203 578 255 ipse,
594 203 662 255 qui
671 211 722 250 te,
736 217 813 241 suae
825 202 1018 253 dignitatis
1030 202 1213 254 augendae
1226 204 1352 252 causa,

247 258 416 309 periculo
441 265 521 306 tuo,
550 258 658 295 nullo
677 270 744 295 suo
769 257 918 300 delicto,
945 256 1033 294 ferri
1053 257 1284 308 praecipitem
1303 267 1358 297 est

250 312 358 349 facile
377 325 523 362 passus,
543 319 671 349 tamen
689 319 726 348 te
755 309 861 347 omni
889 309 1030 348 honore
1049 310 1358 361 indignissimum

250 365 420 414 judicat;
451 365 481 402 si
499 373 535 402 te
551 365 676 411 vicini,
694 366 723 401 si
735 364 877 411 affines,
891 363 921 401 si
932 363 1102 411 tribules,
1118 364 1171 401 ita
1185 365 1358 413 oderunt,

252 426 296 456 ut
326 419 516 469 repulsam
547 426 653 455 tuam
683 417 923 468 triumphum
954 430 1067 455 suum
1096 417 1299 463 duxerint;
1329 418 1361 456 si

254 483 366 509 nemo
399 471 570 522 adspicit,
602 470 696 522 quin
721 470 942 520 ingemiscat
958 484 969 515 ;
999 482 1112 508 nemo
1130 472 1362 510 mentionem

254 524 357 570 facit,
379 525 472 575 quin
499 531 734 568 exsecretur;
765 523 795 560 si
813 523 946 569 vitant,
974 523 1141 573 fugiunt,
1168 525 1298 562 audire
1316 525 1364 564 de

254 585 292 616 te
310 579 469 622 nolunt3
500 591 589 615 cum
614 577 802 623 viderunt,
829 583 1028 627 tamquam
1051 577 1262 628 auspicium
1281 590 1363 616 ma-

254 631 352 677 lum,
373 631 629 674 detestantur3
660 630 691 667 si
716 630 865 680 cognati
889 638 1086 681 respuunt,
1119 631 1274 669 tribules
1299 643 1365 670 ex-

256 692 463 731 secrantur,
488 684 599 722 vicini
624 691 814 730 metuunt,
831 683 972 721 ‘affines
997 685 1234 732 erubescunt,
1267 692 1364 723 stru-

254 750 329 776 mae
359 738 522 789 denique
547 739 594 774 ab
624 750 687 774 ore
711 737 884 787 improbo
913 736 1187 787 demigrarunt,
1214 745 1251 776 et
1282 739 1365 777 aliis

252 792 335 840 jam
356 805 393 829 se
411 792 502 829 locis
522 789 778 835 collocarunt3
809 790 840 827 si
859 802 898 827 es
916 790 1048 827 odium
1074 791 1272 841 publicum
1297 806 1365 843 po-

256 845 353 895 puli,
375 848 537 890 senatus,
554 844 815 882 universorum
833 843 1035 880 hominum
1060 844 1335 884 rusticanorum
1351 860 1363 892 ;

257 899 351 949 quid
390 906 457 946 est,
501 900 750 949 quamobrem
794 904 1001 947 praeturam
1042 897 1168 948 potius
1199 906 1365 951 exoptes,

257 965 375 1003 quam
399 955 592 989 mortem?
621 951 830 1002 praesertim
860 963 948 988 cum
973 951 1196 1001 popularem
1222 959 1258 990 te
1277 954 1367 992 velis

257 1018 349 1050 esse,
369 1019 492 1056 neque
511 1006 591 1042 ulla
606 1005 645 1042 in
665 1018 704 1042 re
722 1005 864 1055 populo
883 1004 1026 1054 gratius
1043 1004 1164 1042 facere
1182 1006 1312 1056 possis.

311 1060 399 1106 Sed,
421 1067 464 1096 ut
489 1058 694 1110 aliquando
718 1058 932 1104 audiamus,
961 1071 1078 1108 quam
1104 1058 1250 1109 copiose
1271 1060 1368 1098 mihi

256 1113 305 1150 ad
317 1120 447 1164 rogata
458 1113 697 1163 respondeas,
712 1111 934 1149 concludam
944 1112 1025 1159 jam
1036 1111 1367 1162 interrogationem

255 1179 404 1211 meamg
426 1174 538 1217 teque
552 1167 591 1203 in
605 1174 773 1204 extremo
792 1178 913 1215 pauca
925 1165 971 1202 de
989 1165 1071 1215 ipsa
1090 1167 1203 1203 causa
1215 1169 1366 1218 rogabo.

310 1220 453 1258 XVII.
468 1221 624 1267 Quaero,
635 1233 721 1270 quae
730 1226 833 1256 tanta
841 1219 881 1255 in
893 1225 930 1256 te
938 1218 1097 1265 vanitas,
1107 1226 1212 1257 tanta
1222 1220 1366 1269 levitas,

257 1273 296 1310 fu
303 1275 384 1321 erit,
398 1281 443 1310 ut
455 1275 496 1311 in
510 1274 582 1311 hoc
593 1273 735 1322 judicio
747 1272 797 1309 T.
814 1272 990 1309 Annium
1004 1272 1137 1310 iisdem
1150 1274 1272 1312 verbis
1285 1274 1368 1312 lau-

258 1327 379 1374 dares,
389 1328 528 1377 quibus
537 1341 625 1364 eum
635 1326 790 1363 laudare
798 1333 833 1363 et
844 1326 935 1363 boni
942 1325 1012 1362 viri
1024 1335 1059 1363 et
1070 1325 1160 1363 boni
1172 1326 1269 1365 cives
1281 1340 1369 1366 con-

258 1391 474 1427 sueverunt,
497 1394 584 1418 cum
603 1380 643 1416 in
663 1379 840 1417 eumdem
860 1391 993 1429 nuper,
1014 1380 1061 1416 ab
1081 1379 1213 1417 eadem
1232 1380 1300 1418 ina
1314 1389 1369 1419 te-

256 1433 411 1470 terrima
426 1434 544 1471 Furia
555 1433 760 1484 productus
772 1432 820 1469 ad.
830 1432 1032 1483 populum,
1046 1432 1287 1483 cupidissime
1297 1435 1369 1473 fal-

257 1500 342 1523 sum
361 1487 621 1525 testimonium
641 1486 806 1523 dixeris?
835 1486 903 1523 An
930 1485 999 1522 erit
1017 1485 1098 1524 haec
1116 1487 1218 1537 optio
1244 1495 1280 1526 et
1298 1501 1367 1539 po-

257 1548 368 1578 testas
380 1547 460 1589 tua,
477 1550 534 1589 ut,
548 1553 636 1578 cum
644 1539 847 1577 Clodianas
866 1552 996 1590 operas
1016 1546 1052 1577 et
1069 1539 1365 1580 facinorosorum

256 1593 459 1631 hominum
490 1602 526 1632 et
548 1593 782 1644 perditorum
810 1605 971 1630 manum
990 1592 1140 1639 videris,
1172 1594 1365 1634 Milonem

255 1647 356 1684 dicas
381 1647 450 1694 (id,
483 1648 585 1698 quod
603 1647 642 1684 in
662 1647 838 1684 concione
862 1645 1006 1693 dixisti)
1037 1646 1308 1696 gladiatoribus
1327 1656 1364 1687 et

252 1700 437 1738 bestiariis
451 1701 636 1738 obsedisse
655 1700 930 1751 rempublicam
945 1713 956 1745 ;
986 1712 1074 1737 cum
1093 1707 1222 1738 autern
1240 1701 1288 1739 ad
1306 1709 1365 1740 ta-

253 1754 308 1791 les
327 1753 424 1792 viros
442 1755 601 1802 veneris,
622 1767 697 1792 non
717 1754 855 1792 audeas
874 1754 993 1792 civem
1013 1754 1195 1804 singulari
1209 1755 1361 1805 virtute,

252 1807 340 1855 fide,
361 1808 583 1855 constantia,
603 1808 846 1858 vituperare?
886 1807 974 1855 Sed,
1005 1819 1094 1844 cum
1114 1807 1164 1844 T.
1182 1808 1364 1859 vAnnium

253 1867 447 1912 tantopere
463 1861 608 1907 laudes,
625 1868 660 1899 et
680 1861 885 1899 clarissimo
900 1861 978 1898 viro
992 1861 1218 1899 nonnullam
1231 1862 1365 1901 lauda..

253 1914 356 1952 tione
369 1914 437 1952 tua
454 1915 667 1952 labeculam
692 1915 906 1965 adspergas,
927 1914 984 1957 (in
997 1914 1152 1951 illorum
1171 1914 1274 1952 enim
1291 1927 1366 1954 nu-

253 1980 358 2005 mero
385 1969 533 2006 mavult
551 1968 602 2005 T.
622 1968 779 2005 Annius
794 1982 885 2015 esse,
902 1968 970 2019 qui
987 1981 1010 2005 a
1028 1974 1065 2005 te
1083 1967 1362 2019 vituperantur)

251 2028 514 2059 verumtamen
530 2035 672 2072 quaero,
687 2035 790 2066 cum,
810 2021 850 2059 in
869 2035 909 2059 re
926 2021 1081 2072 publica
1098 2021 1365 2060 administran-

251 2073 314 2121 da,
344 2075 394 2112 Τ.
414 2075 547 2112 Annio
575 2088 663 2113 cum
694 2075 739 2112 P.
769 2075 898 2114 Sextio
928 2074 1169 2113 consiliorum
1187 2075 1362 2115 omnium

251 2127 404 2166 societas
422 2128 549 2176 fuerit,
563 2129 634 2177 (id,
648 2129 765 2181 quod,
786 2141 862 2167 non
874 2129 998 2167 solum
1012 2130 1215 2177 bonorum,
1228 2142 1360 2169 verum

251 2180 365 2219 etiam
383 2182 659 2234 improborum,
677 2182 820 2232 judicio
838 2182 1070 2222 declaratum
1089 2189 1168 2221 est:
1190 2189 1245 2222 est
1259 2183 1362 2222 enim
