1389 2339
317 107 430 148 PRO
456 106 659 148 COELIO.
690 107 793 147 CAP.
815 109 852 145 8.
1054 106 1128 144 351

34 215 115 254 istis
141 214 326 254 sodalium
344 228 388 254 ae
406 215 669 267 sequestrium,
696 214 892 265 (quoniam
911 213 986 251 hue
1004 212 1134 257 incidi)

33 268 206 306 similiter
216 269 517 320 respondendum
536 276 680 320 putem.
710 268 922 317 Nunquam
943 265 1042 304 enim
1058 273 1136 302 tam

35 321 176 360 Coelius
201 334 330 360 amens
357 321 501 366 fuisset,
521 329 578 369 ut,
599 321 630 359 si
655 334 693 359 se
719 321 790 358 isto
817 320 963 357 infinito
991 319 1138 356 ambitu

33 375 353 422 commaculasset,
385 375 547 412 ambitus
583 375 743 412 alterum
772 381 983 410 accusaret:
1014 384 1137 422 neque

33 428 115 476 ejus
133 427 220 465 facti
243 428 282 465 in
304 428 421 466 altero
449 427 695 479 suspicionem
716 433 909 477 quaereret,
932 427 1039 473 cujus
1057 425 1136 475 ipse

31 480 102 518 sibi
123 488 343 531 perpetuam
362 481 550 519 licentiam
569 488 736 531 optaret:
768 491 848 525 nec,
876 480 906 516 si
925 478 994 516 sibi
1021 477 1136 514 semel

30 533 241 584 periculum
261 534 423 572 ambitus
443 534 681 572 subeundum
701 540 862 583 putaret,
876 532 955 582 ipse
974 531 1136 568 alterum

29 586 166 624 iterum
181 587 345 625 ambitus
364 587 518 625 crimine
533 594 738 624 arcesseret.
768 585 883 632 Quod
902 595 1137 635 quamquam

30 651 99 677 nec
117 639 315 690 sapienter,
336 648 372 678 et
390 653 452 678 me
463 640 594 686 invito,
614 639 715 685 facit,
736 646 861 676 tamen
877 645 931 675 est
949 635 1136 686 ejusmodi

34 690 304 745 [cupiditatis],
325 700 368 731 ut
386 694 507 743 magis
518 692 689 731 insectari
701 692 850 729 alterius
869 689 1134 737 innocentiam,

31 758 149 796 quam
168 745 214 784 de
233 759 271 784 se
290 746 420 784 timide
438 746 611 797 cogitare,
632 745 812 783 videatur.

86 799 206 846 Nam,
227 799 328 851 quod
356 813 405 837 aes
424 800 590 836 alienum
609 800 796 847 objectum
816 804 882 843 est,
904 803 1051 834 sumtus
1076 808 1134 833 re-

32 851 220 902 prehensi,
241 853 380 890 tabulae
398 853 600 902 flagitatae;
630 851 765 897 videte,
790 863 905 901 quam
933 862 1052 900 pauca
1076 861 1136 886 re-

32 904 248 955 spondeam.
279 906 462 954 Tabulas,
476 905 542 956 qui
555 906 592 941 in
605 905 720 955 patris
735 911 914 954 potestate
927 910 995 948 est,
1012 902 1137 940 nullas

31 958 202 995 conficit:
243 971 433 997 versuram
470 970 667 1008 nunquam
697 957 851 995 omnino
880 956 966 993 fecit
1002 955 1135 992 ullam.

32 1011 190 1048 Sumtus
209 1012 322 1049 unius
341 1011 484 1062 generis
503 1013 669 1059 objectus
688 1018 755 1056 est,
775 1009 1038 1047 habitationis:
1069 1008 1136 1045 tri-

30 1063 139 1113 ginta
156 1064 325 1102 millibus
344 1064 490 1102 dixistis
509 1076 596 1101 eum
615 1063 794 1100 habitare.
836 1063 874 1099 N
878 1074 951 1099 unc
977 1062 1134 1099 demum

30 1115 213 1167 intelligo,
235 1118 279 1155 P.
310 1117 434 1156 Clodii
453 1117 616 1154 insulam
642 1129 720 1154 esse
744 1116 928 1161 venalem,
949 1117 1056 1164 cujus
1075 1115 1138 1154 hic

31 1170 71 1207 in
91 1171 256 1208 aediculis
274 1170 432 1217 habitat,
453 1170 595 1216 decem,
616 1177 660 1206 ut
683 1169 828 1219 opinor,
845 1169 1039 1206 millibus:
1069 1182 1136 1207 vos

31 1231 174 1271 autern,
194 1224 286 1261 dum
306 1223 361 1260 illi
379 1223 525 1274 placere
544 1223 670 1270 vultis,
693 1222 741 1259 ad
759 1230 909 1272 tempus
927 1222 961 1259 ei
978 1222 1134 1260 menda-

31 1277 134 1315 cium
154 1285 320 1315 vestrum
339 1276 696 1314 accommodavistis.

83 1329 404 1381 Reprehendistis,
438 1342 460 1366 a
481 1336 586 1380 patre
618 1328 720 1379 quod
749 1327 970 1378 semigrarit.
1019 1328 1136 1376 Quod

29 1383 183 1434 quidem
194 1384 275 1432 jam
290 1383 329 1420 in
344 1383 414 1420 hac
427 1390 534 1420 aetate
545 1381 702 1419 minime
710 1380 1057 1432 reprehendendum
1067 1389 1134 1420 est.

32 1437 114 1484 Qui
132 1449 220 1474 cum
239 1443 289 1483 et,
310 1449 357 1474 ex
375 1435 589 1486 reipublicae
608 1435 735 1481 causa,
756 1441 848 1472 esset
866 1434 961 1471 mihi
980 1435 1136 1485 quidem

32 1490 245 1538 molestam,
265 1489 335 1527 sibi
360 1496 485 1527 tamen
505 1488 720 1539 gloriosam,
747 1488 938 1525 victoriam
961 1500 1136 1526 consecu-

33 1549 107 1589 tus,
133 1549 170 1580 et
195 1555 262 1593 per
291 1549 440 1580 aetatem
466 1542 707 1592 magistratus
738 1548 862 1591 petere
893 1548 1029 1591 posset,
1060 1553 1136 1579 non

32 1595 146 1633 modo
164 1595 401 1646 permittente
424 1603 544 1646 patre,
573 1594 637 1632 sed
665 1595 778 1632 etiam
805 1593 997 1640 suadente,
1018 1596 1066 1632 ab
1094 1607 1137 1632 eo

34 1648 272 1699 semigravit:
303 1655 354 1694 et,
370 1661 456 1686 cum
475 1648 609 1686 domus
627 1648 744 1698 patris
768 1660 790 1684 a
808 1647 889 1684 foro
906 1647 1018 1697 longe
1033 1649 1138 1685 abes-

33 1708 114 1747 set;
144 1713 220 1752 quo
248 1701 394 1739 facilius
417 1708 454 1739 et
476 1709 619 1739 nostras
649 1701 779 1738 domos
804 1700 920 1746 obire,
944 1707 980 1737 et
1004 1700 1083 1750 ipse
1114 1713 1138 1737 a

34 1754 110 1792 suis
140 1754 225 1802 coli,
255 1761 392 1804 posset,
420 1754 602 1792 conduxit
627 1754 667 1791 in
693 1753 855 1801 Palatio,
878 1765 952 1790 non
982 1765 1136 1803 magno,

33 1807 205 1845 domum.

87 1860 211 1898 VIII.
240 1859 329 1907 Quo
347 1859 428 1898 loco
442 1872 595 1911 possum
613 1859 733 1898 dicere
751 1859 804 1906 id,
825 1858 927 1909 quod
942 1858 997 1895 vir
1011 1858 1138 1896 claris-

34 1913 165 1960 simus,
186 1912 246 1950 Μ.
273 1913 444 1960 Crassus,
465 1925 552 1950 cum
579 1913 626 1950 de
644 1913 806 1950 adventu
826 1912 921 1961 regis
941 1911 1137 1950 Ptolemaei

33 1973 262 2017 quereretur,
277 1956 391 2015 paul&
405 1973 491 2003 ante
504 1965 613 2013 dixit,
644 1968 672 1988 “
693 1965 851 2003 Utinam
870 1976 917 2000 ne
931 1963 970 2000 in
985 1976 1137 2002 nemore

35 2018 169 2057 Peli0”
189 2045 200 2056 .
220 2045 230 2056 .
251 2045 262 2055 .
292 2031 334 2056 ac
361 2019 510 2069 longius
539 2018 693 2069 quidem
717 2018 813 2055 mihi
841 2023 1036 2054 contexere
1065 2017 1137 2056 hoc

33 2083 183 2109 carmen
202 2071 338 2109 liceret.
369 2073 396 2093 ‘⁶
422 2072 526 2109 Nam
544 2083 742 2122 nunquam
760 2070 852 2108 hera
869 2070 1020 2107 errans'’
1039 2070 1138 2109 hanc

33 2124 244 2162 molestiam
272 2123 380 2163 nobis
397 2124 602 2173 exhiberet,
633 2126 661 2146 ⁴⁶
684 2122 838 2168 Medea,
867 2122 994 2160 animo
1021 2135 1136 2174 aegra,

34 2189 160 2215 amore
185 2188 283 2216 saevo
314 2177 478 2216 saucia.”
519 2176 582 2216 Sic
611 2176 728 2226 enim,
754 2174 912 2224 judices,
932 2175 1135 2227 reperietis,
