1425 2334
285 88 399 128 PRO
427 88 598 129 DOMO
625 88 746 129 SUA.
777 88 880 128 CAP.
908 91 946 129 9.
1109 87 1183 127 135

75 206 197 242 mum,
227 195 577 247 prudentissimum,
610 195 872 241 fortissimum,
900 193 1173 233 amicissimum

74 248 302 298 reipublicae,
321 249 473 294 virtute,
489 248 655 296 consilio,
668 249 810 286 ratione
824 249 924 295 vitae,
944 248 1108 285 mirabili
1127 247 1176 284 ad

77 301 244 350 laudem,
257 309 294 340 et
304 314 421 353 prope
439 302 631 353 singulari.
661 302 736 340 Sed
747 301 839 353 quid
853 301 900 338 ad
915 309 964 349 te,
982 301 1048 351 qui
1062 313 1176 351 negas

79 366 156 392 esse
178 367 325 402 verum,
346 368 578 406 quemquam
602 355 673 393 ulli
697 355 750 393 rei
766 355 928 406 publicae
954 362 1059 392 extra
1077 353 1177 392 ordi-

78 418 167 444 nem
185 409 324 458 praefici
338 409 356 445 i>

131 461 207 498 IX.
235 461 397 512 Atque
387 474 427 499 111
455 461 526 500 1105
544 462 667 500 50111111
685 461 974 499 inconstantiam
992 459 1177 510 redarguo

78 519 184 551 tuam
202 528 214 559 3
244 515 325 566 qui,
345 515 385 552 in
414 515 496 565 ipso
516 515 672 562 Catone,
693 527 808 565 quem
827 522 869 552 tu
895 526 969 551 non
989 526 1057 564 pro
1076 513 1178 550 illius

78 566 260 617 dignitate
278 567 522 618 produxeras,
536 568 600 605 sed
611 581 679 618 pro
695 576 760 605 tuo
774 568 907 605 scelere
919 567 1150 605 subduxeras
1163 578 1176 610 3

79 633 194 670 quem
213 620 289 658 tuis
318 621 472 672 Sergiis,
500 621 648 667 Lolliis,
669 620 797 668 Titiis,
824 620 1040 670 caeterisque
1070 618 1179 656 caedis

79 680 117 710 et
134 673 393 711 incendiorum
412 674 586 720 ducibus,
606 675 818 734 objeceras3
840 686 953 734 quem
970 672 1181 710 carnificem

78 725 233 772 civium,
253 740 369 778 quem
381 727 686 765 indemnatorum
705 727 805 765 necis
823 726 1047 777 principem,
1064 737 1180 776 quem

79 779 308 818 crudelitatis
337 788 538 827 auctorem,
565 780 682 818 fuisse
700 780 873 823 dixeras3
904 779 952 816 ad
976 779 1091 824 hunc,
1111 778 1180 815 ho-

78 843 208 869 norem
228 840 265 870 et
282 833 485 884 imperium
507 840 612 871 extra
636 833 804 870 ordinem
829 831 1052 869 nominatim
1071 843 1180 881 roga-

78 885 179 922 tione
197 886 264 922 tu'a
281 886 447 924 detulisti
463 900 475 931 3
505 894 541 923 et
559 887 664 923 tanta
689 886 794 924 fuisti
813 884 1114 935 intemperantia,
1135 890 1180 921 ut

78 937 181 976 illius
211 938 268 975 tui
286 939 430 977 sceleris
448 939 630 976 rationem
650 939 834 976 occultare
852 950 927 975 non
945 950 1080 987 posses.
1109 936 1179 974 Li-

78 998 174 1028 teras
203 991 242 1028 in
273 992 447 1030 concione
472 992 648 1036 recitasti,
681 1004 774 1042 quas
805 991 875 1028 tibi
904 1004 927 1028 a
956 990 999 1028 C.
1031 990 1178 1028 Caesare

77 1044 209 1082 missas
227 1044 389 1083 diceres:
419 1048 447 1067 “
469 1045 594 1083 Caesar
627 1045 792 1082 Pulchro
808 1044 848 1081 :''
877 1056 964 1081 cum
994 1043 1107 1080 etiam
1140 1055 1179 1080 es

78 1105 375 1147 argumentatus,
403 1098 539 1136 amoris
565 1110 644 1136 esse
668 1097 740 1135 hoc
758 1097 923 1147 signum,
948 1108 1037 1134 cum
1055 1095 1180 1133 nomi-

77 1150 190 1188 nibus
220 1158 369 1188 tantum
405 1158 585 1198 uteretur,
628 1162 753 1201 neque
782 1150 1020 1195 adscriberet,
1063 1151 1090 1171 ‘⁶
1109 1161 1179 1198 pro

77 1203 270 1250 consule,'’
299 1211 365 1241 aut
393 1206 422 1226 “
443 1205 594 1242 tribuno
623 1203 771 1255 plebis:
763 1203 802 1224 ·”
830 1202 965 1240 deinde
996 1201 1178 1252 gratulari

76 1255 160 1304 tibi,
177 1256 278 1307 quod
293 1255 436 1305 [idem
426 1270 465 1295 m
480 1257 693 1309 posterum]
711 1255 772 1293 Μ
787 1255 970 1294 Catonem
982 1255 1178 1293 tribunatu

76 1314 143 1346 tuo
161 1310 394 1358 removisses,
416 1317 452 1348 et
471 1310 573 1362 quod
591 1310 692 1347 idem
718 1309 758 1346 in
777 1316 971 1360 posterum
990 1307 1037 1346 de
1055 1314 1180 1345 extra-

77 1361 272 1401 ordinariis
300 1364 545 1414 potestatibus
574 1363 784 1401 libertatem
821 1362 1031 1400 ademisses.
1071 1360 1180 1408 Quas

78 1422 144 1452 aut
161 1428 360 1477 nunquam
378 1417 447 1454 tibi
466 1417 530 1454 ille
550 1416 675 1454 literas
693 1415 823 1460 misit3
853 1423 933 1462 aut,
954 1415 984 1452 si
1001 1413 1179 1474 misit,1n

77 1469 252 1507 concione
270 1470 414 1508 recitari
436 1470 583 1507 noluit.
613 1476 692 1516 aut,
714 1469 790 1507 sive
812 1444 876 1506 1115
904 1468 1020 1514 misit,
1041 1467 1117 1505 sive
1135 1473 1179 1504 tu

77 1521 234 1569 finxisti,
265 1529 361 1560 certe
394 1523 592 1561 consilium
622 1530 734 1559 tuum
766 1522 812 1559 de
842 1521 995 1559 Catonis
1021 1521 1176 1565 honore,

77 1574 231 1613 illarum
259 1576 454 1613 literarum
486 1576 714 1621 recitatione,
748 1574 978 1635 patefactum
1010 1581 1076 1611 est.
1105 1572 1180 1611 Sed

78 1628 212 1666 omitto
231 1628 430 1676 Catonem,
451 1630 558 1678 cujus
577 1629 716 1667 eximia
733 1628 865 1675 virtus,
882 1627 1057 1678 dignitas,
1073 1634 1180 1673 et,m

78 1692 122 1718 eo
150 1681 299 1732 negotio
328 1682 431 1733 quod
455 1683 581 1733 gessit,
609 1682 701 1719 fides
729 1688 767 1719 et
792 1680 1032 1727 continentia,
1056 1686 1181 1730 tegere

79 1732 253 1771 videntur
265 1734 546 1786 improbitatem
565 1742 601 1773 et
618 1735 711 1785 legis
730 1741 766 1772 et
784 1733 938 1772 actionis
956 1740 1044 1770 tuae.

132 1786 265 1833 Quid?
293 1787 438 1826 homini
473 1796 559 1840 post
593 1788 765 1826 homines
801 1795 908 1825 natos
944 1785 1179 1836 turpissimo,

78 1840 372 1887 sceleratissimo,
392 1841 762 1888 contaminatissimo,
783 1840 867 1891 quis
886 1840 992 1877 illam
1011 1839 1181 1900 opimam

76 1892 313 1944 fertilemque
334 1894 496 1944 Syriam,
523 1895 608 1946 quis
631 1894 776 1932 bellum
795 1892 1040 1952 pacatissimis
1059 1891 1181 1942 genti-

76 1946 162 1992 bus,
183 1946 267 1996 quis
291 1947 489 2007 pecuniam
519 1948 567 1986 ad
593 1947 769 1985 emendos
793 1959 902 1996 agros
920 1945 1178 1990 constitutam,

76 2006 242 2048 ereptam
274 2000 311 2036 vi
340 2012 387 2037 ex
417 1999 573 2039 Caesaris
594 2002 704 2038 rebus
730 1999 834 2046 actis,
862 1999 946 2050 quis
975 1996 1177 2048 imperium

76 2050 269 2089 infinitum
287 2052 418 2090 dedit?
447 2053 521 2092 Cui
539 2053 693 2105 quidem
708 2065 795 2091 cum
808 2052 982 2091 Ciliciam
1000 2049 1178 2096 dedisses,

73 2105 230 2142 mutasti
258 2106 482 2156 pactionem,
516 2115 553 2145 et
584 2106 756 2146 Ciliciam
786 2105 834 2143 ad
858 2112 1056 2156 praetorem
1086 2102 1178 2139 item

73 2164 178 2195 extra
195 2158 365 2197 ordinem
383 2160 631 2198 transtulisti·
619 2188 632 2206 ‚
664 2159 840 2207 Gabinio,
860 2157 980 2208 pretio
1010 2154 1178 2214 amplifi:

72 2217 168 2258 cato,
211 2211 361 2262 Syriam
397 2213 623 2252 nominatim
658 2212 806 2251 dedisti.
847 2210 987 2259 Quid?
1024 2206 1171 2247 homini
