1425 2334
285 101 396 141 PRO
428 101 693 140 PLANCIO.
724 102 826 138 (ἲΛῬ.
856 100 917 137 36,
1073 101 1150 138 :353

57 208 172 247 ordo·
160 235 173 254 ‚
202 221 315 260 quem
335 208 514 260 quidem
505 221 543 246 1n
557 208 794 246 concionibus
812 208 965 245 saltator
983 206 1046 244 illc
1061 205 1156 255 [Ca-

58 262 194 314 tilinae]
217 263 345 300 consul
369 261 646 313 proscriptionis
671 261 953 298 denuntiatione
982 262 1154 298 terrebat.

60 313 157 366 [At]
179 322 256 353 tota
274 315 387 353 Italia
404 321 651 358 conveneram
682 315 741 351 cui
761 314 914 364 quidem
937 313 1027 350 belli
1045 314 1159 351 intes-

56 367 126 405 tini
144 375 182 406 et
199 369 380 406 vastitatis
399 375 522 406 metus
540 368 782 406 inferebatur.

109 421 312 459 XXXVI.
343 422 460 460 Hisce
492 434 560 472 ego
592 421 744 458 auxiliis
775 419 1014 458 studentibus
1047 427 1160 471 atque

54 475 217 513 incitatis
236 475 292 512 uti
318 488 394 521 me,
416 474 642 519 Laterensis,
673 474 836 525 potuisse
866 474 1065 511 confiteor:
1096 474 1161 511 sed

56 535 148 576 erat,
169 540 243 566 non
261 530 360 578 jure,
381 541 456 566 non
476 528 638 578 legibus,
659 539 734 565 non
753 527 1009 578 disceptando,
1035 526 1161 564 decer-

56 581 235 619 tandum:
266 594 355 619 nam
368 581 546 633 profecto⁷
563 581 768 632 pracsertim
781 588 858 618 tam
871 579 970 619 bonzi
980 580 1020 616 in
1035 579 1160 627 causa,

56 646 269 686 nunquam,
290 648 366 686 quo
385 635 506 673 caeteri
526 648 622 685 sa‘pe
641 633 894 679 abundarunt,
921 634 959 670 id
977 633 1073 671 mihi
1090 634 1164 684 ipsi

58 688 246 726 auxilium
258 701 387 726 meum
400 688 589 725 defuisset.
610 687 742 725 Armis
753 688 839 734 fuit,
849 687 975 734 armis,
989 687 1162 738 inquam,

60 741 135 779 fuit
153 741 412 780 dimicandum
429 755 441 786 ς
471 742 623 792 quibus,
640 754 661 778 a
680 741 792 779 servis
811 749 924 792 atque
935 753 957 777 a
969 752 1161 778 servorum

60 794 234 841 ducibus,
255 795 394 833 caedem
410 795 489 832 fieri
508 798 656 832 senatus
675 802 711 832 et
729 796 928 840 bonorum,
949 793 1164 844 reipublicae

61 848 262 886 exitiosum
281 848 424 886 fuisset.
455 848 569 885 Vinci
588 856 715 885 autem
735 848 924 898 improbos
936 860 959 884 a
972 846 1094 893 bonis,
1107 847 1164 884 fa-

62 908 140 940 teor
151 901 266 940 fuisse
278 902 515 952 praeclarum,
529 901 560 938 si
572 901 687 939 finem
700 914 786 938 eum
800 899 972 938 vincendi
983 899 1163 947 viderem,

63 967 177 1006 quem
195 955 359 1006 profecto
378 967 451 993 non
466 954 651 993 videbam.
682 955 759 992 Ubi
772 954 872 992 enim
887 959 1022 1004 praesto
1032 953 1165 991 fuisset

61 1008 158 1045 mihi
176 1016 243 1046 aut
257 1016 335 1046 tam
347 1008 453 1046 fortis
468 1008 611 1053 consul
625 1020 740 1058 quam
758 1008 804 1045 L.
820 1007 1027 1058 Opimius?
1048 1019 1165 1057 quam

66 1061 110 1098 C.
131 1061 304 1100 Marius.
295 1064 312 1088 ⁹
341 1074 457 1113 quam
477 1061 524 1099 L.
547 1061 730 1099 Flaccus?
759 1060 897 1112 quibus
908 1060 1103 1107 ducibus,
1093 1073 1166 1097 lm-

64 1116 200 1166 probos
219 1115 316 1153 cives
334 1115 543 1165 respublica
562 1115 650 1152 vicit
668 1114 844 1152 armatis.
875 1121 954 1161 aut,
985 1113 1015 1150 si
1039 1113 1167 1151 minus

65 1168 193 1216 fortes,
206 1174 371 1206 attamen
384 1175 462 1206 tam
474 1167 581 1217 justi,
598 1180 715 1219 quam
726 1168 770 1205 P.
781 1167 951 1212 Mucius,
965 1166 1033 1218 qui
1047 1179 1165 1214 arma,

66 1235 153 1273 quae
171 1221 340 1272 privatus
355 1221 400 1258 P.
417 1221 541 1272 Scipio
556 1229 752 1267 sumserat,
773 1233 829 1267 ea,
843 1220 907 1257 Ti.
924 1219 1118 1258 Graccho
1107 1232 1166 1257 in-

64 1282 236 1321 teremto‚
253 1276 339 1324 jure
356 1275 500 1326 optimo
519 1282 643 1312 sumta
655 1287 732 1312 esse
750 1274 947 1312 defendit?
976 1273 1108 1310 Esset
1098 1286 1169 1324 lgl-

65 1336 128 1366 tur
126 1328 393 1389 ¹pugnandum
408 1340 494 1365 cum
514 1327 753 1365 consulibus:
784 1327 880 1364 nihil
895 1326 1059 1387 amplius
1070 1326 1167 1374 dico,

64 1381 137 1419 nisi
149 1381 265 1419 illud:
281 1381 458 1419 V1ctonae
472 1388 607 1419 nostrae
625 1394 755 1431 graves
768 1380 837 1418 adv
841 1380 994 1418 ersarios
1004 1387 1167 1431 paratos,

66 1435 235 1473 interitus
253 1435 378 1473 nullos
397 1435 550 1482 ultores,
571 1447 647 1472 esse
666 1433 852 1472 videbam.

122 1488 238 1526 Hisce
257 1500 326 1540 ego
344 1488 494 1526 auxiliis
505 1488 634 1526 salutis
646 1499 740 1525 meae
755 1487 785 1526 si
799 1487 934 1525 idcirco
946 1486 1064 1534 defui,
1077 1487 1166 1538 quia

68 1542 173 1580 nolui
191 1541 392 1587 dimicare3
422 1541 567 1579 fatebor
582 1540 651 1587 (id,
667 1541 769 1592 quod
781 1540 868 1589 vis),
881 1552 957 1578 non
968 1540 1065 1577 mihi
1076 1553 1171 1578 aux-

68 1596 194 1643 ilium,
215 1595 279 1633 sed
295 1608 358 1633 me
376 1595 531 1642 auxilio,
551 1594 722 1632 defuisse.
752 1594 818 1633 Sin
839 1601 980 1641 autem,
996 1606 1073 1654 q¹¹.⁰
1090 1605 1173 1631 ma-

67 1651 151 1700 Jora
169 1648 320 1686 studia
309 1661 349 1685 m
364 1661 426 1686 me
439 1649 624 1686 bonorum
637 1647 803 1695 fuerunt,
815 1647 921 1685 hoc'‘
896 1660 942 1685 us
952 1646 1073 1697 magis
1084 1659 1172 1685 con-

73 1700 275 1740 sulendum
293 1709 330 1739 et
346 1700 577 1752 parcendum
596 1701 752 1752 putavi;
783 1708 824 1739 tu
851 1700 918 1738 id
908 1712 947 1737 m
965 1712 1027 1738 me
1046 1713 1171 1751 repre-

73 1754 220 1802 bondis,
239 1754 341 1806 quod
359 1754 411 1801 Q.
433 1754 593 1792 Metello
617 1754 720 1792 laudi
739 1755 871 1793 datum
891 1761 960 1800 est,
986 1753 1173 1804 hodieque

74 1816 144 1855 est,
160 1815 197 1845 et
216 1820 362 1859 semper
379 1808 461 1854 erit,
481 1808 658 1845 maximae
676 1808 834 1858 gloriae?
864 1820 993 1859 quem,
1011 1813 1056 1844 ut
1069 1814 1173 1857 potes

73 1875 121 1900 ex
139 1861 272 1899 multis
290 1861 420 1898 audire
438 1862 503 1912 qui
523 1869 605 1898 tum
625 1860 827 1908 affuerunt,
851 1867 1009 1906 constat,
1030 1860 1175 1896 invitis-

74 1915 177 1953 simis
197 1914 284 1952 viris
303 1914 424 1960 bonis,
445 1915 619 1958 cessisse3
649 1927 717 1952 nec
741 1914 854 1953 fuisse
879 1913 1053 1959 dubium,
1081 1913 1175 1963 quin

74 1967 310 2006 contentione
328 1974 364 2005 et
383 1967 496 2005 armis
515 1967 681 2018 superior
702 1975 826 2018 posset
845 1979 933 2004 esse.
974 1967 1079 2015 Ergo
1097 1966 1175 2011 ille,

78 2034 165 2059 cum
185 2033 312 2067 suum,
326 2033 400 2058 non
415 2033 502 2058 cum
522 2024 682 2060 senatus
694 2022 836 2059 factum
848 2020 1075 2065 defenderet,
1088 2031 1176 2056 cum

80 2073 390 2125 perseverantiam
411 2075 600 2112 sententiar
619 2088 710 2121 suae,
726 2087 800 2112 non
821 2074 980 2111 salutem
999 2072 1179 2122 reipubli-

82 2141 147 2175 «τε,
169 2126 404 2170 retinuisset;
435 2134 575 2173 tamen,
595 2142 619 2179 q
622 2128 696 2166 uod
715 2127 810 2166 illud
822 2124 1076 2163 ioliintaritim
1098 2125 1181 2162 1111-

82 2193 152 2217 nus
179 2180 333 2231 accepit,
350 2180 574 2230 justissimos
593 2182 763 2218 omnium
786 2180 1030 2217 Metellorum
1049 2186 1085 2216 et
1105 2179 1180 2216 cla-

136 2236 285 2299 (0'1-at.)
313 2245 416 2272 voi..
439 2245 509 2271 111.
887 2244 911 2269 z
