1435 2328
211 105 265 143 30
471 100 586 142 PRO
616 99 853 140 FLACCO.
884 100 989 140 CAP.
1011 99 1096 139 30.'

206 224 286 264 quo
304 210 344 248 in
358 211 440 248 loco
453 209 567 249 etiam
580 210 851 260 Agamemnon
871 221 959 247 cum
975 207 1142 246 exercitu
1155 207 1341 256 errasset,

206 265 279 303 nisi
291 264 428 303 ducem
440 264 660 315 Telephum
672 263 883 301 invenisset.
914 262 989 300 Sed
1003 262 1167 300 concedo
1180 261 1221 299 id
1233 275 1328 313 quo-

207 332 306 370 que:
332 317 477 369 placuit
491 317 705 368 oppidum:
736 316 839 367 regio
853 316 1075 353 delectavit:
1098 315 1264 354 emisses.

260 372 398 410 XXX.
419 372 613 422 Amyntas
625 379 681 408 est
694 382 843 421 genere,
859 369 1014 413 honore,
1031 369 1324 418 existimatione,

206 426 382 477 pecunia,
403 425 576 476 princeps
595 425 698 462 illius
717 423 888 461 civitatis.
919 423 1042 472 Cujus
1056 436 1222 469 socrum,
1237 436 1327 461 mu-

206 480 339 518 lierem
368 479 547 517 imbecilli
581 477 738 524 consilii,
777 478 865 515 satis
894 477 1137 527 locupletem,
1167 477 1328 527 pellexit

208 533 401 572 Decianus
428 532 477 570 ad
499 545 601 570 sese:
635 539 684 577 et,
713 544 801 568 cum
823 531 903 577 illa,
931 530 1025 581 quid
1051 538 1238 580 ageretur,
1260 543 1328 568 ne-

206 587 331 634 sciret,
346 587 387 623 in
411 586 642 637 possessione
662 584 889 636 praediorum
911 585 992 633 ejus
1010 583 1198 621 familiam
1217 597 1328 622 suam

207 640 422 679 collocavit:
449 652 608 677 uxorem
621 638 782 677 abduxit
797 639 844 676 ab
857 638 1035 688 Amynta
1048 645 1325 688 praegnantem,

206 708 294 746 quae
312 694 458 745 peperit
480 693 583 743 apud
603 692 818 730 Decianum
838 691 954 728 filiam
971 705 983 736 ;
1015 690 1205 743 hodieque
1223 691 1327 742 apud

207 748 425 786 Decianum
441 754 496 785 est
510 759 608 783 uxor
626 746 825 796 Amyntae,
848 752 885 783 et
903 744 993 782 filia.

262 801 470 852 Numquid
491 801 630 838 harum
656 812 784 837 rerum
803 812 826 836 a
843 812 906 836 me
925 798 1096 848 fingitur,
1122 798 1325 837 Deciane?

207 856 343 894 Sciunt
366 855 448 892 haec
474 866 604 892 omnes
634 853 792 899 nobiles,
827 852 952 890 sciunt
977 852 1068 889 boni
1093 852 1177 899 viri,
1205 853 1330 891 sciunt

204 909 370 960 denique
394 908 514 946 nostri
535 907 722 954 homines,
743 906 866 945 sciunt
890 905 1096 944 mediocres
1118 906 1328 957 negotiato-

207 976 278 1001 res.
314 962 507 1012 Exsurge,
530 962 733 1012 Amynta:
764 966 889 1011 repete
910 973 933 996 a
952 959 1137 1006 Deciano,
1164 972 1241 997 non
1259 974 1327 1011 pe-

206 1016 376 1062 cuniam,
402 1028 479 1053 non
501 1015 666 1066 praedia:
698 1027 847 1052 socrum
872 1013 1037 1064 denique
1062 1013 1135 1051 sibi
1158 1014 1324 1052 habeat:

205 1070 379 1109 restituat
396 1082 581 1107 uxorem:
609 1068 741 1106 reddat
766 1067 903 1105 misero
930 1066 1030 1118 patri
1051 1067 1183 1105 filiam.
1222 1068 1328 1105 Nam

209 1125 397 1172 membra,
428 1136 514 1174 quae
539 1121 749 1159 debilitavit
773 1121 978 1171 lapidibus,
1006 1120 1184 1166 fustibus,
1212 1121 1324 1169 ferro,

208 1190 361 1224 manus,
387 1189 482 1228 quas
513 1175 698 1222 contudit,
723 1175 874 1225 digitos,
903 1187 999 1225 quos
1018 1174 1214 1224 confregit,
1241 1187 1328 1212 ner-

207 1244 286 1280 vos,
308 1243 403 1282 quos
422 1229 596 1276 concidit,
618 1228 811 1266 restituere
829 1241 907 1266 non
921 1235 1054 1278 potest.
1084 1228 1240 1277 Filiam,
1253 1228 1328 1266 fili-

206 1298 286 1330 am,
302 1285 476 1335 inquam,
493 1295 706 1321 aerumnoso
725 1281 838 1332 patri,
855 1281 1037 1326 Deciane,
1057 1281 1183 1320 redde.

261 1339 359 1376 Haec
370 1338 506 1375 Flacco
524 1348 601 1374 non
615 1337 793 1386 probasse
812 1343 848 1373 te
867 1334 1043 1373 miraris?
1074 1334 1163 1381 Cui,
1178 1349 1322 1387 quaeso,

204 1393 358 1432 tandem
378 1390 573 1442 probasti?
613 1389 813 1427 Emtiones
832 1389 959 1436 falsas,
979 1388 1209 1439 praediorum
1238 1403 1328 1441 pro-

206 1445 426 1497 scriptiones
445 1457 534 1482 cum
550 1443 799 1489 mulierculis,
815 1443 946 1494 aperta
965 1442 1322 1494 circumscriptione,

204 1500 336 1539 fecisti.
371 1499 497 1537 Tutor
520 1497 580 1535 his
605 1498 730 1544 rebus,
753 1497 975 1534 Graecorum
999 1496 1163 1547 legibus,
1183 1496 1323 1535 adscri-

205 1553 352 1594 bendus
370 1552 468 1590 fuit:
501 1551 800 1590 Polemocratem
826 1550 1020 1601 scripsisti,
1046 1550 1324 1588 mercenarium

205 1617 244 1647 et
258 1606 526 1645 administrum
541 1604 784 1650 consiliorum
799 1611 965 1641 tuorum.
994 1603 1200 1642 Adductus
1215 1611 1271 1641 est
1283 1604 1325 1642 in

201 1661 391 1712 judicium
418 1660 694 1697 Polemocrates
720 1658 767 1695 de
790 1658 876 1696 dolo
899 1658 1003 1695 malo
1028 1664 1066 1695 et
1083 1657 1131 1695 de
1148 1657 1282 1696 fraude
1299 1671 1324 1695 a

206 1716 347 1762 Dione,
374 1714 491 1762 hujus
519 1712 639 1763 ipsius
667 1712 795 1749 tutelae
817 1711 982 1749 nomine.
1017 1711 1099 1758 Qui
1117 1724 1322 1749 concursus

204 1783 253 1808 ex
272 1767 420 1819 oppidis
441 1766 612 1804 finitimis
636 1765 807 1816 undique
823 1766 832 1803 !
864 1765 932 1816 qui
950 1764 1057 1802 dolor
1075 1765 1319 1803 animorum!

203 1837 291 1876 quae
305 1821 458 1873 querela
474 1821 484 1858 Ξ
516 1819 802 1859 Condemnatus
816 1826 872 1857 est
884 1819 1161 1857 Polemocrates
1175 1825 1325 1856 senten-

205 1877 268 1916 tiis
294 1875 472 1914 omnibus
493 1888 503 1911 ε
539 1874 654 1911 irritae
677 1873 936 1916 venditiones;
966 1872 1080 1910 irritae
1105 1872 1324 1923 proscripti-

208 1942 311 1970 ones·
342 1929 453 1967 Num
472 1927 634 1965 restituis
651 1929 668 1965 ’ἓ
698 1926 820 1964 defers
839 1927 888 1964 ad
907 1927 1177 1976 Pergamenos,
1197 1933 1243 1964 ut
1266 1925 1335 1963 illi.

204 1984 411 2035 reciperent
429 1982 469 2019 in
489 1994 575 2019 suas
593 1980 718 2018 literas
733 1980 904 2030 publicas
923 1981 1120 2031 praeclaras
1139 1980 1326 2030 proscrip-

206 2039 328 2077 tiones
353 2043 390 2074 et
414 2035 596 2073 emtiones
623 2041 718 2071 tuas.
760 2034 1009 2084 Repudiant3
1039 2033 1226 2082 rejiciunt.
1264 2034 1324 2071 At

207 2091 275 2144 qui
292 2089 495 2128 homines?
525 2087 766 2139 Pergameni,
790 2087 1005 2126 laudatores
1030 2087 1099 2124 tui.
1139 2087 1202 2124 Ita
1219 2086 1321 2124 enim

208 2144 305 2186 mihi
336 2142 488 2197 gloriari
517 2142 622 2181 visus
659 2155 697 2181 es
728 2141 946 2181 laudatione
982 2141 1332 2192 Pergamenorum,
