1425 2334
320 82 433 122 PRO
462 82 727 122 PLANCIO.
757 81 863 122 CAP.
884 85 921 121 4.
1097 83 1170 122 221

68 198 165 230 esset
191 190 404 229 ferendum.
442 189 548 227 Tum
571 188 675 228 enim
694 189 956 240 magistratum
976 200 1050 228 non
1069 202 1174 241 gere-

64 247 129 283 bat
146 244 191 292 is,
210 244 278 295 qui
288 250 449 294 ceperat,
465 243 498 281 si
514 249 639 293 patres
657 250 825 280 auctores
843 254 917 280 non
933 249 1040 281 erant
1052 243 1165 282 facti:

64 309 165 335 nunc
182 296 394 348 postulatur
412 309 435 334 a
453 296 571 343 vobis,
591 302 648 342 ut,
677 296 709 344 ej
716 308 759 333 us
784 295 917 333 exsilio
934 296 1001 346 qui
1023 303 1168 336 creatus

62 351 124 397 sit,
151 349 338 399 judicium
355 348 488 401 populi
508 348 674 387 Romani
697 349 985 399 reprehendatis.
1032 349 1167 400 Itaque

64 415 314 454 quamquam,
334 403 412 453 quii
430 402 549 449 nolui,
566 402 686 451 janua
705 414 790 439 sum
812 401 1001 452 ingressus
1019 402 1059 440 in
1078 415 1167 440 cau-

66 469 162 504 sam,
182 468 329 507 sperare
356 456 495 502 videor,
510 462 661 493 tantum
688 455 906 493 abfuturam
933 468 1010 493 esse
1032 455 1168 493 oratio-

65 521 153 547 nem
167 521 292 547 meam
307 522 330 546 a
347 508 508 547 minima
520 508 728 559 suspicione
745 508 958 546 offensionis
973 515 1062 555 tuae,
1075 516 1112 545 te
1125 517 1169 546 ut

66 562 192 613 potius
209 563 422 613 objurgem,
444 562 547 613 quod
575 561 751 612 iniquum
771 561 811 598 in
829 561 1028 599 discrimen
1043 561 1168 599 addu-

66 629 128 654 cas
145 615 367 666 dignitatem
393 622 514 661 tuam,
535 627 651 666 quam
679 621 723 652 ut
741 627 810 666 ego
827 627 911 653 eam
929 615 1010 652 ulla
1037 621 1168 652 contu-

69 668 184 708 melia
197 681 307 707 coner
322 668 519 719 attingere.

123 722 197 759 IV.
226 722 291 759 Tu
312 721 592 766 continentiam,
613 727 655 758 tu
674 720 912 768 industriam,
933 727 975 758 tu
995 721 1167 759 animum

69 776 108 812 in
142 774 430 826 rempublicam,
461 781 504 812 tu
541 774 731 821 virtutem,
764 780 806 811 tu
835 774 1103 818 innocentiam,
1126 782 1169 812 tu

69 828 198 874 fidem,
216 837 259 866 tu
284 828 429 865 labores
454 834 553 873 tuos,
579 827 682 878 quod
707 827 824 865 aedilis
851 839 927 865 non
953 828 1003 866 sis
1034 827 1169 876 factus,

67 882 202 919 fractos
230 893 308 919 esse
332 886 369 918 et
396 881 559 929 abjectos
588 887 624 918 et
649 880 863 931 repudiatos
895 882 1038 931 putas?
1068 881 1169 920 Vide

65 934 235 977 tandem,
251 933 474 979 Laterensis,
488 940 674 983 quantum
690 946 711 970 a
722 940 759 971 te
770 933 998 971 dissentiam.
1019 933 1060 972 Si
1073 935 1170 976 (me-

67 987 153 1025 dius
171 987 299 1034 fidius)
313 987 441 1025 decem
461 987 529 1024 soli
546 993 667 1024 essent
681 987 721 1024 in
738 986 886 1024 civitate
904 986 973 1024 viri
991 986 1094 1035 boni,
1111 999 1171 1025 sa-

66 1041 223 1091 pientes,
240 1039 347 1089 justi,
366 1052 510 1090 graves,
531 1039 599 1090 qui
624 1046 661 1077 te
689 1039 889 1090 indignum
915 1039 1090 1078 aedilitate
1105 1041 1171 1089 ju-

66 1093 312 1139 dicavissent3
342 1093 494 1143 gravius
505 1092 552 1130 de
564 1099 600 1130 te
615 1092 827 1142 judicatum
842 1100 1029 1144 putarem,
1051 1105 1168 1144 quam

70 1154 125 1185 ost
142 1147 227 1194 hoc,
246 1146 364 1197 quod,
379 1153 422 1183 tu
434 1146 584 1191 metuis,
604 1157 652 1183 ne
671 1159 694 1183 a
711 1147 852 1196 populo
867 1146 1079 1195 judicatum
1093 1159 1170 1184 esse

68 1199 250 1238 videatur.
281 1200 371 1237 Non
383 1199 484 1237 enim
499 1198 658 1237 comitiis
669 1199 814 1248 judicat
827 1211 974 1250 semper
989 1199 1169 1251 populus,

69 1252 134 1291 sed
151 1259 324 1291 movetur
340 1253 566 1303 plerumque
579 1252 724 1302 gratiiu
754 1252 851 1290 cedit
867 1252 1061 1302 precibus;
1083 1252 1172 1290 facit

69 1318 144 1354 οοε,
171 1319 194 1344 a
211 1305 351 1357 quibus
370 1312 426 1343 est
443 1305 611 1343 maxime
629 1306 806 1343 ambitus.
841 1305 1034 1356 Denique,
1063 1305 1094 1344 si
1109 1306 1173 1354 ju-

68 1359 182 1407 dicat,
212 1371 288 1397 non
318 1358 465 1397 delectu
493 1358 623 1410 aliquo
645 1366 712 1396 aut
740 1358 925 1409 sapientia
953 1358 1104 1397 ducitur
1122 1358 1171 1396 ad

65 1411 331 1462 judicandum,
351 1411 417 1449 sed
445 1411 592 1462 impetu
622 1423 913 1463 nonnunquam,
943 1418 980 1450 et
1006 1411 1173 1463 quadam

71 1465 185 1504 etiam
202 1465 422 1504 temeritate.
452 1465 544 1503 Non
570 1471 625 1503 est
643 1464 745 1503 enim
764 1464 993 1503 consilium‘
983 1477 1023 1502 m
1042 1465 1172 1515 vulgo,

70 1530 145 1556 non
159 1518 269 1566 ratio,
282 1530 358 1557 non
376 1518 590 1566 discrimen,
610 1530 687 1555 non
705 1518 924 1568 diligentia.
954 1530 1176 1568 semperque

71 1571 254 1622 sapientes
265 1584 322 1617 ea,
330 1584 418 1624 quae
418 1571 589 1622 populus
602 1570 760 1618 fecisset,
769 1571 934 1619 ferenda,
947 1583 1022 1608 non
1030 1583 1177 1622 semper

71 1624 275 1671 laudanda,
288 1624 491 1662 duxerunt.
510 1623 656 1672 Quare,
667 1637 754 1662 cum
766 1631 804 1662 te
817 1624 964 1662 aedilem
974 1624 1054 1662 fieri
1067 1637 1179 1675 opor-

73 1677 186 1717 tuisse
196 1677 302 1724 dicis,
314 1677 447 1728 populi
461 1678 628 1728 culpam,
641 1689 717 1714 non
728 1677 994 1729 competitoris,
1011 1689 1172 1716 accusas.

127 1730 185 1767 At
200 1730 316 1768 fueris
333 1729 495 1781 dignior,
514 1742 632 1781 quam
652 1730 830 1769 Plancius
849 1730 914 1774 (de
930 1743 1008 1781 quo
1025 1730 1108 1782 ipso
1125 1731 1178 1768 ita

76 1790 203 1821 tecum
232 1783 456 1821 contendam
487 1783 602 1834 paulo
630 1789 729 1833 post,
749 1790 793 1821 ut
821 1796 1036 1822 conservem
1054 1783 1179 1833 digni-

72 1843 190 1874 tatem
207 1842 330 1882 tuam)
344 1849 356 1881 3
387 1835 464 1883 sed,
479 1843 523 1873 ut
540 1835 656 1874 fueris
673 1836 835 1887 dignior,
849 1849 924 1874 non
941 1837 1175 1886 competitor,

74 1902 97 1926 a
115 1901 192 1939 quo
206 1901 244 1927 es
270 1888 405 1936 victus,
422 1889 489 1927 sed
505 1889 683 1940 populus,
704 1903 727 1927 a
744 1902 821 1940 quo
839 1903 877 1928 es
894 1889 1118 1940 praeteritus,
1138 1890 1178 1927 in

75 1941 190 1992 culpa
208 1948 274 1979 est.
312 1942 360 1980 In
379 1954 455 1994 quo
473 1942 640 1992 primum
659 1942 756 1980 illud
779 1942 891 1981 debes
910 1948 1057 1993 putare,
1078 1954 1181 1979 corn-

75 1994 166 2039 itiis,
179 1994 386 2045 praesertim
400 1994 578 2041 aediliciis,
594 1994 762 2033 studium
774 2009 852 2034 esse
865 1995 1011 2046 populi,
1028 2006 1103 2031 non
1119 1997 1183 2044 ju-

75 2047 242 2085 dicium:
263 2047 452 2085 eblandita
470 2047 549 2094 illa,
566 2059 641 2085 non
660 2049 867 2094 enucleata,
884 2061 961 2086 esse
975 2047 1156 2096 suffragia
1168 2062 1180 2085 :

75 2113 151 2147 eos,
170 2100 239 2151 qui
255 2100 478 2151 suffragium
497 2100 631 2149 ferant,
659 2101 753 2152 quid
774 2101 938 2152 denique
968 2100 1040 2152 ipsi
1069 2100 1183 2138 debe-

75 2161 154 2201 ant,
174 2153 404 2192 considerare
430 2154 579 2204 saepius,
609 2166 740 2204 quam,
762 2154 855 2205 quid
873 2154 1009 2204 cuique
1029 2166 1051 2191 a
1070 2166 1183 2205 repu-

848 2219 875 2243 υ
899 2209 923 2242 :5
