1455 2343
234 87 314 124 38ss
383 87 460 127 DE
483 89 753 129 PROVINC.
776 91 1013 130 CONSUL.
1044 91 1149 129 CAP.
1170 93 1208 128 9.

230 207 294 232 me
311 197 526 235 communis
544 197 717 236 utilitatis
735 199 873 237 habere
895 199 1094 244 rationem,
1115 209 1192 235 non
1211 194 1351 235 doloris

230 248 332 294 mei3
362 250 555 301 possimne
584 254 755 303 probare,
790 266 879 290 cum
908 253 948 290 id
977 265 1040 290 me
1057 252 1178 289 facere
1207 250 1347 297 dicam,

231 277 336 353 quod
355 305 563 356 exemplo
542 307 832 344 rortissimorum
847 315 885 344 et
897 306 1188 344 clarissimorum
1209 305 1265 342 civ
1267 304 1350 341 ium

232 355 354 395 facere
372 371 457 408 poss
448 359 536 397 im.
528 361 544 387 Ῥ
574 361 642 397 An
662 372 737 396 non
757 360 821 397 Ti.
837 359 1045 407 Gracchus,
1068 362 1230 419 (patrem
1250 357 1349 405 (1100,

233 411 342 458 cujus
361 412 510 450 utinam
529 412 597 449 filii
613 426 661 451 ne
675 414 964 462 degenerassent
982 427 1005 451 a
1022 413 1207 464 gravitate
1225 419 1351 462 pater-

233 463 284 500 na
300 464 330 510 !)
360 472 505 503 tantam
534 467 689 504 laudem
727 475 780 504 est
818 467 991 517 -1110111115,
1025 466 1143 516 quod,
1174 465 1352 503 tribunus

232 517 368 567 plebis,
390 520 491 557 solus
511 533 557 557 ex
578 527 656 558 toto
674 520 740 557 illo
759 521 916 570 collegio
946 520 993 557 L.
1015 519 1183 570 Scipioni
1208 518 1352 556 auxilio

232 571 320 618 fuit,
337 572 619 611 inimicissimus
639 581 676 611 et
689 574 821 634 ipsius,
843 581 879 611 et
897 573 1024 611 fratris
1039 574 1135 622 ejuS,
1148 571 1350 610 Africani·
1337 599 1351 618 ,

230 626 448 677 juravitque
467 627 507 663 in
530 627 720 674 concione,
742 640 780 664 se
807 627 847 664 in
875 627 1038 676 gratiam
1066 638 1142 663 non
1169 625 1349 663 rediisse·
1336 653 1350 671 ,

234 678 298 716 sed
317 680 486 717 alienum
512 680 580 718 sibi
602 681 721 718 videri
740 681 953 731 dignitate
943 679 1107 731 unperii,
1137 692 1213 730 quo
1239 679 1352 717 duces

234 740 357 770 essent
385 733 567 781 hostium,
589 735 763 786 Scipione
782 734 1057 786 triumphante,
1081 733 1199 780 ducti,
1220 732 1352 771 eodem

234 785 363 837 ipsum
382 787 484 834 duci,
506 788 573 838 qui
587 789 895 839 triumphasset?

289 840 390 888 Quis
409 841 584 892 plenior'
574 842 817 880 mimicorum
836 842 909 879 fuit
929 841 973 880 C.
995 841 1124 880 Mario
1138 843 1156 879 ?
1177 840 1224 878 L.
1242 839 1355 878 Cras-

237 906 314 941 sus,
357 895 416 932 M.
451 896 630 943 Scaurus,
660 896 773 933 aliine
801 896 946 933 inimici
963 898 979 934 5³
1020 908 1151 933 omnes
1189 893 1354 932 Metelli.

236 947 296 985 At
314 948 355 985 hi
375 961 452 987 non
472 949 586 986 modo
600 949 712 987 illum
728 949 928 987 inimicum
948 962 995 987 ex
1016 949 1145 987 Gallia
1164 947 1358 986 sententiis

238 1001 316 1039 suis
335 1014 410 1040 non
424 1002 685 1052 detrahebant,
707 1004 771 1041 sed
786 1011 835 1051 et,
851 1010 1004 1055 propter
1018 1002 1203 1040 rationem
1218 1000 1358 1039 Gallici

236 1056 342 1102 belli,
363 1056 597 1107 provinciam
609 1064 715 1095 extra
726 1057 898 1096 ordinem
910 1057 1171 1095 decernebant.
1199 1055 1359 1094 Bellum

237 1110 279 1147 in
318 1110 448 1148 Gallia
478 1110 695 1148 maximum
724 1118 875 1162 gestum
905 1118 984 1149 est:
1028 1109 1182 1148 domitae
1218 1115 1308 1147 sunt
1335 1121 1361 1147 a

239 1164 390 1202 Caesare
407 1163 588 1202 maximae
606 1165 790 1214 nationes,
815 1165 881 1203 sed
899 1164 1072 1203 nondum
1085 1163 1248 1214 legibus,
1263 1173 1360 1200 non-

238 1218 333 1255 dum
350 1219 436 1267 jure
455 1225 568 1266 certo,
588 1218 761 1256 nondum
790 1219 878 1258 satis
903 1217 1016 1257 firm'a
1042 1230 1136 1269 pace
1163 1215 1360 1255 devinctae.

238 1272 398 1310 Bellum
418 1271 598 1310 affectum
617 1272 804 1320 videmus,
825 1280 862 1311 et
881 1274 983 1316 (vere
1009 1278 1055 1309 ut
1081 1270 1223 1318 dicam)
1251 1282 1362 1321 paene

238 1325 481 1371 confectum3
511 1325 576 1363 sed
593 1326 660 1375 ita,
680 1333 738 1374 ut,
760 1327 790 1364 si
804 1324 908 1364 idem
922 1332 1093 1364 extrema
1105 1323 1359 1376 persequitur,

241 1378 309 1430 qui
327 1379 564 1426 inchoavit,
549 1392 632 1427 jam
646 1380 775 1417 omnia
792 1379 958 1431 perfecta
976 1378 1196 1417 videamus.
1226 1377 1257 1414 51
1276 1389 1361 1414 5110-

238 1431 398 1479 ceditur,
418 1432 632 1483 periculum
660 1433 721 1481 sit,
749 1446 798 1470 ne
826 1432 1052 1470 instauratas
1079 1430 1242 1469 maximi
1267 1430 1362 1468 belli

236 1485 416 1547 reliquias
435 1498 478 1523 ac
495 1492 692 1524 renovatas
710 1486 919 1524 audiamas.
965 1486 1072 1536 Ergo
1100 1498 1170 1535 ego
1198 1490 1360 1532 senator,

242 1539 433 1586 inimicus,
464 1538 495 1576 si
523 1539 577 1577 ita
606 1540 735 1589 vultis,
767 1540 930 1587 homini,
965 1539 1110 1577 amicus
1140 1550 1232 1599 esse,
1265 1537 1364 1575 sicut

242 1605 390 1654 semper
407 1592 478 1641 fui,
491 1592 709 1643 reipublicae
727 1593 857 1632 debeo.
887 1592 1010 1641 Quid,
1031 1592 1063 1631 si
1080 1592 1181 1643 ipsas
1198 1590 1362 1629 inimici-

240 1646 314 1685 tias
332 1647 479 1697 depono
503 1646 721 1697 reipublicae
739 1647 875 1685 causa.
866 1649 883 1675 ⁹
912 1647 999 1698 quis
1024 1658 1089 1684 me
1106 1644 1290 1684 tandem·
1275 1657 1363 1694 Jure

243 1700 523 1752 reprehendat?
552 1700 761 1751 praesertim
780 1713 869 1739 cum
896 1713 965 1751 ego
993 1699 1168 1738 omnium
1185 1710 1361 1736 meorum

245 1754 489 1792 consiliorum
507 1760 621 1804 atque
639 1754 825 1793 factorum
845 1754 1022 1805 exempla
1035 1766 1184 1804 semper
1194 1765 1243 1790 ex
1256 1764 1364 1790 sum-

244 1820 399 1846 morum
417 1807 619 1845 hominum
637 1807 745 1846 factis
763 1807 860 1845 mihi
878 1807 1088 1846 censuerim
1105 1805 1280 1868 petenda.

301 1861 379 1899 IX.
409 1863 479 1898 An
497 1873 584 1899 vero
602 1873 679 1898 non
694 1862 755 1899 Μ.
775 1862 840 1900 ille
853 1861 1036 1912 Lepidus,
1057 1861 1126 1912 qui
1143 1859 1202 1898 bis
1215 1858 1361 1907 consul,

248 1921 285 1953 et
303 1914 476 1966 pontifex
494 1914 688 1952 maximus
699 1915 787 1963 fuit,
807 1928 884 1953 non
903 1915 1028 1953 solum
1047 1912 1241 1952 memoriae
1259 1911 1366 1950 testi-

246 1968 391 2016 monio,
422 1968 487 2006 sed
512 1968 626 2006 etiam
653 1970 851 2006 annalium
878 1968 997 2006 literis
1019 1974 1058 2006 et
1075 1967 1218 2005 summi
1242 1969 1366 2017 poe'tae

248 2035 351 2069 voce,
364 2021 542 2059 laudatus
560 2028 628 2069 est,
641 2023 745 2073 quod
764 2035 852 2061 cum
872 2021 934 2059 M.
951 2021 1090 2060 Fulvio
1108 2020 1266 2071 collega,
1287 2031 1364 2070 quo

248 2075 310 2113 die
328 2087 457 2114 censor
476 2082 532 2113 est
545 2075 680 2136 factus,
692 2076 875 2115 homine
865 2075 1138 2121 mimicissimo,
1156 2074 1198 2112 in
1217 2073 1366 2124 campo

250 2129 377 2167 statim
397 2128 536 2167 rediit
525 2141 565 2166 m
584 2129 761 2179 gratiam,
791 2136 834 2167 ut
862 2141 1065 2168 commune
1091 2127 1260 2167 officium
1277 2137 1366 2165 cena

251 2195 347 2220 surae
384 2182 579 2221 communi
617 2183 744 2221 animo
782 2197 823 2220 ac
862 2183 1057 2222 voluntate
1093 2180 1365 2221 defenderent:
