1425 2334
407 449 630 491 ORATIO
660 449 820 488 XXIX.

563 572 671 583 -ι

344 678 471 726 PRO
507 676 705 724 DOMO
743 645 887 722 suss..

466 793 532 830 Ad
552 792 769 841 Pontifices.

532 897 706 934 -0—

405 996 840 1036 ARGUMENTUM.

73 1115 383 1154 RnsTn-mns
402 1115 442 1153 in
456 1116 618 1167 patriam
638 1115 768 1154 Cicero
790 1114 916 1154 statim
928 1113 1062 1153 habuit
1077 1112 1175 1152 hane

73 1169 279 1207 orationem
293 1168 341 1207 ad
352 1168 560 1220 pontifices,
575 1169 613 1206 in
627 1169 704 1220 qu&
715 1180 846 1206 nervos
858 1179 988 1206 omnes
999 1166 1174 1215 intendit,

73 1229 118 1260 ut
135 1222 293 1261 domum
305 1235 427 1269 suam,
443 1222 575 1260 eadem
593 1222 676 1272 lege
693 1222 925 1273 publicatam
943 1228 979 1258 et
993 1232 1176 1266 eversam,

72 1275 207 1313 deinde
220 1278 284 1318 (ne
297 1275 455 1326 profana
464 1288 636 1326 unquam
651 1274 730 1313 fieri
741 1281 878 1326 posset)
892 1273 1077 1312 Libertati
1091 1284 1179 1311 con-

74 1336 270 1377 secratam,
296 1341 418 1379 neque
436 1328 635 1379 publicari,
655 1340 778 1379 neque
796 1326 999 1365 consecrari
1017 1325 1181 1377 potuisse

75 1382 296 1420 ostenderet.
325 1381 399 1419 Est
420 1389 548 1419 autem
570 1381 693 1419 omnis
720 1382 800 1419 haec
824 1380 864 1418 in
890 1387 1032 1431 septem
1056 1386 1182 1430 partes

77 1434 278 1473 distributa
295 1434 425 1472 oratio.
463 1434 595 1473 Prima
613 1434 811 1486 respondet
829 1433 976 1480 Clodio,
996 1432 1063 1483 qui
1081 1430 1185 1482 apud

78 1488 272 1538 pontifices
291 1500 334 1525 ea
345 1487 631 1538 vituperaverat,
647 1501 732 1538 quae
746 1500 812 1538 per
831 1499 892 1525 eos
909 1486 987 1524 dies
1005 1484 1156 1524 Cicero
1145 1495 1186 1522 m

81 1548 211 1578 senatu
231 1540 278 1578 de
299 1553 340 1578 re
351 1540 520 1591 publica,
539 1540 580 1578 id
598 1547 666 1588 est,
681 1540 727 1578 de
746 1541 818 1579 Cn
835 1539 1018 1591 Pompeio
1036 1537 1089 1576 rei
1106 1537 1187 1575 fru-

81 1593 274 1631 mentariae
286 1594 538 1660 praeficiendo,
558 1601 733 1632 senserat.
763 1593 936 1633 Secunda
949 1592 1093 1642 dejure
1114 1603 1187 1642 pu-

80 1646 180 1685 blico
194 1646 293 1697 agit3
310 1654 347 1685 et
364 1647 405 1684 in
423 1647 468 1685 ea
486 1647 706 1694 ostenditur,
720 1646 895 1697 legibus
885 1646 945 1693 iis,
958 1646 1096 1697 quibus
1107 1644 1187 1682 Ro-

83 1711 198 1737 mana
233 1699 361 1737 civitas
387 1706 530 1747 utatur,
568 1712 644 1738 non
674 1712 782 1750 posse
809 1711 1042 1750 quemquam
1068 1697 1188 1735 civem

84 1752 181 1801 ejici..
201 1759 268 1789 aut
285 1752 333 1791 de
357 1752 478 1803 capite
496 1754 577 1802 ejus
601 1753 661 1791 vel
683 1752 730 1790 de
751 1754 859 1790 bonis
892 1751 1103 1803 quidquam
1125 1750 1189 1788 de-

85 1805 198 1851 trahi,
223 1804 302 1842 sine
323 1805 466 1854 judicio
495 1809 659 1853 senatus,
684 1813 752 1843 aut
775 1805 922 1856 populi,
948 1812 1015 1842 aut
1043 1815 1189 1850 eorum,

83 1858 151 1909 qui
172 1858 219 1895 de
245 1856 396 1908 quiique
417 1871 457 1896 re
486 1859 677 1897 constituti
698 1858 842 1907 judices
864 1858 948 1896 sint.
986 1858 1034 1895 In
1059 1856 1191 1894 eadem

84 1911 244 1948 rationes
263 1911 484 1958 afferuntur,
508 1924 574 1949 cur
601 1912 777 1950 tribunus
795 1911 915 1962 plebis
940 1923 1017 1948 esse
1036 1909 1192 1948 Clodius

86 1975 162 2001 non
176 1963 359 2014 potuerit:
381 1976 457 2014 quo
470 1965 584 2003 modo
599 1965 715 2011 enim,
728 1977 816 2002 cum
828 1964 1005 2016 patricius
1020 1970 1129 2008 esset,
1145 1961 1193 1998 ad

86 2017 237 2068 plebem
256 2016 456 2054 transivit?
483 2017 682 2069 adoptione
698 2019 716 2055 ⁴?
742 2024 782 2055 at
793 2030 837 2055 ea
849 2025 929 2055 rata
948 2029 1026 2054 esse
1036 2027 1112 2053 non
1125 2026 1193 2064 po-

87 2076 183 2107 test:
212 2070 397 2121 primum,
418 2070 509 2121 quia
520 2078 708 2109 servatum
722 2070 927 2122 adoptandi
942 2070 1006 2118 jus
1023 2080 1098 2106 non
1114 2073 1193 2104 est:

85 2133 192 2170 nam,
213 2135 302 2160 cum
324 2122 503 2173 adoptare
527 2124 662 2162 debeat
683 2123 730 2171 is,
757 2124 824 2174 qui
848 2135 971 2174 neque
1003 2131 1196 2172 procreare

82 2176 163 2224 jam
192 2174 330 2215 liberos
359 2176 488 2227 possit,
519 2184 568 2225 et,
595 2189 683 2215 cum
711 2176 889 2227 potuerit,
915 2176 963 2214 sit
989 2179 1191 2225 expertus;
