1425 2334
319 84 433 123 PRO
462 84 632 124 DOMO
661 86 781 125 SUA.
811 86 915 124 car.
937 88 999 124 41.
1126 86 1200 130 167

102 190 263 238 tificum)
280 198 431 229 monete
449 203 551 239 eum,
570 192 727 230 modum
743 191 946 243 quemdam
965 205 1043 230 esse
1057 193 1205 244 religio-

103 244 185 290 nis;
206 245 368 282 nimium
388 257 466 282 esse
479 245 779 295 superstitiosum
791 257 864 282 non
878 253 1057 296 oportere.
1097 246 1204 294 Quid

101 297 172 335 tibi
195 310 343 336 necesse
364 297 450 344 suit,
472 299 563 336 anili
590 299 862 349 superstitione,
891 299 1005 336 homo
1030 299 1203 345 fanatice,

99 350 337 398 sacrificium,
366 350 468 402 quod
486 351 617 389 alienae
634 352 737 389 domi
757 351 904 398 fieret,
894 353 1051 390 mvisere
1066 354 1082 390 Ρ
1118 365 1204 402 quae

99 411 227 442 autem
245 410 282 441 te
300 411 404 441 tanta
420 404 556 442 mentis
574 404 809 442 imbecillitas
828 405 962 448 tenuit,
976 412 1019 442 ut
1037 417 1111 442 non
1131 418 1203 455 pu-

97 465 208 504 tares,
225 456 328 495 Deos
347 457 434 495 satis
447 469 554 508 posse
571 458 725 508 placari,
738 458 810 496 nisi
823 458 936 496 etiam
954 458 1203 497 muliebribus

97 510 341 560 religionibus
364 517 402 547 te
419 510 698 562 implicuisses?
727 511 856 558 Quem
874 523 1045 562 unquam
1064 511 1203 549 audisti

99 565 288 612 majorum
316 571 483 611 tuorum,
504 564 570 615 qui
593 571 629 602 et
653 577 756 602 sacra
772 565 917 615 privata
936 565 1145 611 coluerunt,
1167 572 1203 602 et

97 616 257 665 publicis
269 616 480 654 sacerdotiis
491 617 736 667 praefuerunt,
746 630 833 655 cum
847 617 1068 656 sacrificium
1082 618 1203 655 Bonae

99 669 194 707 Deae
211 670 328 717 fieret,
348 670 559 708 interfuisse
575 673 592 709 Ρ
622 671 826 717 neminem,
840 683 888 708 ne
901 671 1011 708 illum
1031 671 1200 721 quidem,

98 723 165 772 qui
177 735 294 761 caecus
303 730 358 761 est
370 723 502 761 factus.
522 724 587 761 Ex
601 737 677 775 quo
690 724 926 774 intelligitur,
940 724 1063 761 multa
1073 724 1111 761 in
1124 724 1203 762 vita

98 776 192 813 falso
218 776 389 814 homines
416 776 586 827 opinari;
624 789 712 815 cum
739 777 816 823 ille,
846 777 912 828 qui
939 777 1034 814 nihil
1061 777 1204 814 viderat

98 829 230 876 sciens,
251 829 353 880 quod
374 829 478 867 nefas
503 837 609 875 esset,
629 830 776 868 lumina
800 830 950 873 amisit;
979 830 1099 877 istius,
1120 831 1201 880 qui,

98 893 174 918 non
193 882 316 920 solum
334 882 525 933 adspectu,
542 883 606 920 sed
624 883 735 921 etiam
755 884 893 921 incesto
911 883 1052 933 flagitio
1070 891 1106 921 et
1124 890 1203 920 stu-

97 947 182 986 pro,
210 935 347 986 polluit
373 936 616 983 caerimcnias,
645 948 755 987 poena
782 937 904 974 omnis
932 937 1127 974 oculorum
1155 937 1203 974 ad

99 988 302 1026 caecitatem
314 989 450 1026 mentis
462 996 515 1027 est
527 1001 711 1027 conversa.
739 989 825 1027 Hoc
837 996 985 1027 auctore
997 996 1075 1027 tam
1088 996 1200 1034 casto,

97 1047 178 1078 tam
191 1041 375 1092 religioso,
389 1048 468 1079 tam
480 1050 620 1088 sancto,
633 1049 711 1080 tam
723 1043 800 1093 pio,
813 1042 979 1093 potestis,
994 1042 1202 1093 pontifices,

100 1105 175 1130 non
183 1094 422 1141 commoveri,
432 1108 518 1133 cum
527 1095 605 1132 suis
614 1095 711 1133 dicat
719 1109 758 1133 se
764 1096 940 1133 manibus
949 1095 1105 1133 domum
1113 1095 1202 1134 civis

98 1147 233 1198 optimi
251 1148 435 1194 evertisse,
452 1156 488 1185 et
507 1161 589 1186 eam
607 1149 739 1186 iisdem
754 1149 930 1186 manibus
945 1148 1201 1186 consecrasse?

150 1199 251 1248 Quae
279 1207 344 1238 tua
374 1200 449 1238 fuit
479 1201 702 1239 consecratio
713 1202 731 1237 ’ἓ
769 1202 967 1249 Tuleram,
991 1201 1129 1252 inquit,
1157 1210 1200 1239 ut

97 1253 196 1291 mihi
212 1253 350 1291 liceret.
388 1253 528 1301 Quid?
557 1266 630 1292 non
659 1267 868 1305 exceperas,
888 1262 946 1301 ut,
967 1255 999 1292 si
1024 1254 1116 1314 quid
1137 1256 1201 1303 jus

96 1318 172 1344 non
192 1314 286 1345 esset
303 1319 446 1357 rogare,
470 1319 518 1345 ne
539 1315 634 1346 esset
658 1310 864 1358 rogatum?
901 1308 930 1345 J
933 1321 977 1345 us
994 1307 1110 1358 igitur
1127 1315 1202 1345 sta-

97 1360 210 1397 tuetis
228 1372 319 1407 esse,
339 1360 637 1412 uniuscujusque
654 1363 820 1399 vestrum
840 1360 957 1407 sedes,
971 1374 1065 1408 aras,
1085 1361 1199 1407 focos,

98 1411 202 1451 Deos
229 1420 395 1464 penates,
415 1415 600 1463 subjectos
622 1427 699 1452 esse
717 1414 867 1452 libidini
889 1414 1122 1453 tribuniciae.
1113 1416 1130 1442 ⁹
1160 1414 1200 1451 in

96 1479 213 1526 quem
232 1465 391 1517 quisque
408 1480 474 1517 per
497 1467 667 1505 homines
686 1467 885 1505 concitatos
903 1467 1065 1514 irruerit,
1085 1480 1201 1518 quem

96 1519 241 1570 impetu
259 1520 472 1570 perculerit,
487 1520 602 1570 hujus
621 1520 778 1558 domum
798 1533 873 1559 non
893 1521 1016 1558 solum
1035 1520 1200 1571 affligere

97 1572 217 1622 (quod
234 1580 289 1610 aet
306 1573 497 1623 praesentis
514 1574 681 1620 insaniae,
695 1574 803 1625 quasi
821 1573 1051 1625 tempestatis
1068 1586 1201 1625 repen-

96 1625 217 1673 tinae),
237 1625 301 1664 sed
319 1626 432 1664 etiam
449 1626 490 1664 in
504 1634 695 1678 posterum
709 1635 859 1678 tempus
873 1627 1051 1678 religione
1063 1627 1201 1678 sempi-

97 1678 205 1715 terna
222 1679 419 1729 obligare?

151 1730 268 1769 XLI.
295 1732 488 1782 Equidem
506 1733 558 1771 sic
575 1734 713 1794 accepi,
728 1732 965 1785 pontifices,
953 1746 994 1771 1n
1011 1732 1201 1784 religioni-

98 1785 170 1822 bus
189 1784 444 1835 suscipiendis,
459 1794 572 1837 caput
590 1799 680 1834 esse,
701 1787 948 1838 interpretari,
969 1799 1055 1837 quae
1067 1787 1200 1824 volun-

98 1843 156 1874 tas
176 1836 348 1876 Deorum
364 1838 636 1877 immortalium
649 1853 726 1878 esse
743 1841 936 1878 videatur:
967 1852 1034 1878 nec
1049 1846 1103 1877 est
1121 1839 1201 1876 ulla

100 1902 189 1940 erga
210 1889 312 1929 Deos
329 1891 460 1942 pietas,
481 1893 554 1930 nisi
570 1893 727 1931 honesta
751 1893 798 1931 de
822 1893 980 1930 numine
1003 1905 1132 1930 eorum
1159 1904 1201 1929 ac

99 1949 226 1980 mente
244 1944 384 1994 opinio,
404 1958 492 1983 cum
507 1947 633 1997 expeti
650 1946 747 1984 nihil
765 1948 813 1984 ab
827 1946 886 1994 iis,
899 1945 1002 1997 quod
1016 1945 1064 1982 sit
1080 1945 1201 1993 injus-

98 2003 182 2033 tum
196 2003 309 2047 atque
326 1997 580 2047 inhonestum,
596 2000 782 2037 arbitrere.
814 1999 1022 2037 Hominem
1037 1997 1202 2035 invenire

99 2049 171 2086 ista
183 2048 286 2087 labes
303 2055 402 2097 tum,
418 2063 504 2089 cum
523 2053 652 2090 omnia
669 2055 832 2098 tenebat,
853 2052 1042 2089 neminem
1062 2050 1200 2100 potuit,

101 2101 163 2139 cui
181 2114 284 2141 meas
309 2103 406 2142 aedes
429 2104 627 2153 addiceret,
651 2106 711 2144 cui
736 2105 910 2152 traderet,
931 2104 992 2143 cui
1016 2103 1197 2141 donaret:

432 2268 448 2277 a.
