1455 2343
146 78 229 122 370
415 78 529 117 PRO
559 77 765 117 (2OEth.
796 77 901 116 CAP.
931 79 995 123 27.

146 184 250 229 velit,
272 185 320 222 sit
344 192 494 236 potens)
524 197 724 237 nunquam
751 185 1036 237 impetravisset.
1075 185 1151 224 Sed
1170 186 1263 238 quid

145 249 215 288 ego
233 237 281 275 de
299 238 484 289 dignitate
510 239 670 278 istorum
700 239 855 277 testium
884 239 1043 291 loquor.
1034 241 1052 267 ⁹
1082 201 1262 278 virtuqtem

146 303 279 329 eorum
297 292 611 344 diligentiamque
629 293 850 344 cognoscite.
892 293 942 330 In
961 293 1106 332 balneis
1124 293 1262 332 delitu-

147 352 283 383 erunt:
314 353 426 385 testes
445 347 612 397 egregios
628 347 637 385 !
669 346 805 385 deinde
824 353 965 385 temere
979 347 1258 398 prosiluerunt:

148 399 321 438 homines
350 400 526 451 gravitati
555 400 726 438 deditos!
769 400 831 439 Sic
853 400 956 438 enim
981 401 1146 451 fingunt,
1173 414 1262 440 cum

149 452 322 491 Licinius
340 454 513 501 venisset,
538 454 721 505 pyxidem
740 460 883 492 teneret
900 454 941 491 in
959 466 1092 502 manu,
1112 467 1265 493 conare-

146 513 211 544 tur
225 507 384 554 tradere,
405 507 577 546 nondum
593 507 818 554 tradidisset,
834 514 919 545 tum
933 515 1086 558 repente
1100 508 1263 547 evolasse

144 560 234 598 istos
253 562 450 611 praeclaros
468 568 579 600 testes
599 561 678 598 sine
692 560 871 598 nomine:
903 560 1099 599 Licinium
1118 570 1262 609 autem,

146 626 235 651 cum
251 615 333 663 jam
345 627 506 654 manum
519 615 567 652 ad
580 614 808 652 tradendum
823 614 1006 665 pyxidem
1021 615 1262 665 porrexisset,

146 668 358 716 retraxisse,
380 676 495 719 atque
522 669 589 707 illo
615 668 812 719 repentino
840 668 1044 706 hominum
1062 668 1209 719 impetu
1229 681 1267 707 se

146 721 187 757 in
217 721 351 771 fugam
377 722 591 771 conjecisse.
631 722 669 761 Ο
696 734 837 772 magna
859 721 916 759 vis
941 721 1130 760 veritatis!
1163 736 1264 773 quae,

147 781 277 812 contra
313 775 516 813 hominum
545 776 711 826 ingenia,
749 775 1010 822 calliditatem,
1045 776 1264 823 sollertiam,

149 835 354 879 contraque
373 830 477 868 fictas
496 830 671 868 omnium
689 829 858 877 insidias,
871 828 980 867 facile
995 841 1034 867 se
1052 842 1120 880 per
1135 843 1173 867 se
1184 830 1267 881 ipsa

150 881 329 920 defendat
345 883 354 920 !

200 935 386 975 XXVII.
416 936 567 975 Verum
585 937 666 976 haec
680 944 760 975 tota
773 936 914 975 fabella
932 936 1069 975 veteris
1088 943 1126 975 et
1144 936 1266 988 pluri-

148 1001 300 1027 marum
311 990 530 1028 fabularum
543 991 712 1042 poe‘triae,
726 1003 845 1042 quam
857 996 912 1028 est
923 990 1003 1028 sine
1014 997 1240 1040 argumento
1252 990 1262 1028 Σ

147 1056 267 1093 quam
285 1044 439 1082 nullum
461 1045 631 1083 invenire
656 1045 803 1082 exitum
834 1044 985 1095 potest!
1028 1043 1137 1091 Quid
1162 1043 1265 1082 enim

146 1096 210 1134 isti
236 1104 291 1135 tot
310 1098 380 1136 viri
400 1104 508 1141 (nam
527 1111 675 1137 necesse
695 1106 751 1136 est
768 1098 883 1136 fuisse
901 1109 979 1135 non
997 1110 1153 1149 paucos,
1169 1104 1213 1135 ut
1231 1105 1269 1135 et

146 1151 416 1202 comprehendi
435 1152 607 1190 Licinius
626 1152 737 1190 facile
754 1159 893 1203 posset,
915 1159 952 1189 et
969 1165 1028 1190 res
1053 1151 1266 1189 multorum

146 1205 265 1242 oculis
284 1212 378 1243 esset
398 1206 582 1254 testatior)
604 1219 671 1244 cur
697 1206 894 1243 Licinium
913 1205 961 1243 de
975 1205 1153 1243 manibus
1171 1204 1268 1242 ami-

148 1261 313 1297 serunt?
343 1260 411 1310 qui
432 1259 560 1298 minus
580 1260 682 1297 enim
710 1259 883 1297 Licinius
911 1257 1181 1310 comprehendi
1199 1270 1267 1309 Ρο-

148 1311 236 1358 tuit,
258 1325 346 1350 cum
366 1326 404 1350 se
423 1313 594 1360 retraxit,
615 1326 663 1350 ne
679 1312 866 1373 pyxidem
895 1312 1071 1359 traderet,
1099 1324 1217 1362 quam
1236 1311 1267 1349 si

148 1377 227 1403 non
241 1366 478 1405 retraxisset
470 1369 486 1391 ⁹
508 1374 614 1404 erant
628 1367 731 1404 enim
745 1366 803 1402 illi
820 1365 946 1416 positi,
966 1372 1011 1402 ut
1022 1365 1268 1415 comprehen-

148 1417 281 1456 derent
311 1419 507 1457 Licinium
522 1433 533 1464 ;
563 1427 608 1457 ut
637 1419 840 1456 manifesto
866 1418 1038 1457 Licinius
1064 1425 1267 1465 teneretur,

148 1479 216 1510 aut
228 1485 316 1510 cum
329 1473 506 1511 retineret
521 1485 725 1519 venenum,
740 1481 806 1510 aut
822 1484 910 1510 cum
925 1472 1149 1510 tradidisset.
1180 1471 1269 1510 Hoc

148 1525 223 1563 fuit
239 1532 364 1564 totum
379 1527 580 1565 consilium
595 1526 779 1573 mulieris,
795 1525 876 1564 haec
886 1526 1047 1564 istorum
1061 1525 1267 1576 provincia,

147 1579 216 1630 qui
236 1580 358 1630 rogati
377 1588 466 1618 sunt
481 1595 490 1617 ε
522 1593 617 1631 quos
632 1579 789 1631 quidem
808 1587 851 1617 tu
863 1581 1114 1630 quamobrem
1126 1586 1270 1618 temere

150 1633 369 1683 prosiluisse
395 1634 510 1681 dicas,
544 1641 659 1685 atque
692 1641 780 1671 ante
810 1641 976 1684 tempus,
1006 1645 1082 1671 non
1110 1633 1267 1684 reperio.

152 1686 322 1725 Fuerant
339 1688 412 1726 hoc
429 1688 550 1738 rogati
567 1702 576 1725 :
607 1687 758 1725 fuerant
777 1687 826 1725 ad
843 1687 942 1724 hanc
971 1700 1052 1725 rem
1082 1686 1268 1734 collocati,

149 1748 192 1778 ut
220 1753 424 1789 venenum,
449 1748 493 1778 ut
520 1741 680 1787 insidiae,
709 1741 856 1791 facinus
881 1740 1045 1792 denique
1069 1740 1198 1792 ipsum
1226 1747 1272 1778 ut

149 1794 353 1832 manifesto
372 1795 768 1846 comprehenderetur.

206 1848 469 1887 Potueruntne
487 1849 635 1886 meliori
654 1857 824 1899 tempore
838 1848 1022 1899 prosilire,
1042 1860 1161 1899 quam
1180 1860 1268 1885 cum

150 1901 324 1940 Licinius
343 1901 532 1941 venisset?
561 1915 649 1940 cum
668 1902 709 1939 in
723 1914 841 1939 manu
857 1909 1000 1940 teneret
1010 1901 1145 1940 veneni
1157 1900 1270 1952 pyxi-

151 1954 241 1992 dem
257 1969 268 1999 ;
301 1969 387 2007 quae
406 1956 437 1993 si
456 1968 545 1993 cum
560 1956 643 2004 jam
663 1963 742 1993 erat
759 1955 897 1993 tradita
915 1955 1043 2002 servis,
1066 1955 1269 1993 evasissent

149 2009 276 2046 subito
296 2022 343 2047 ex
369 2010 513 2048 balneis
532 2009 702 2047 mulieris
721 2009 848 2056 amici,
872 2008 1145 2060 Liciniumque
1162 2020 1267 2046 com-

146 2062 457 2112 prehendissent;
487 2063 708 2114 imploraret
724 2063 929 2101 hominum
948 2061 1080 2110 fidem,
1110 2069 1226 2114 atque
1243 2074 1268 2098 a

147 2127 186 2152 ee
206 2115 313 2153 illam
332 2117 517 2168 pyxidem
540 2116 716 2155 traditam
745 2122 980 2168 pernegaret.
1021 2116 1153 2164 Quem
1172 2127 1269 2166 quo-

152 2168 267 2207 modo
296 2170 352 2208 illi
371 2170 712 2221 1·eprehender.ent
700 2170 719 2196 '³
750 2169 885 2208 vidisse
903 2182 942 2209 se
960 2169 1154 2208 dicerent
1143 2171 1161 2197 ⁹
1188 2167 1266 2220 pri-
