1425 2334
307 121 419 162 PRO
449 122 716 161 PLANCIO.
748 122 851 161 CAP.
873 124 937 161 26.
1099 120 1179 159 243

76 240 191 281 quem
209 228 406 268 villicum
395 241 686 280 imponeremus,
702 242 815 281 quem
835 229 958 281 pecori
972 228 1175 280 praeficere·

77 294 177 343 mus,
188 281 320 320 “1111111
308 295 348 320 111
367 295 424 330 80,
444 282 517 320 nisi
534 282 804 343 frugalitatem,
824 283 1005 330 laborem,
1019 282 1178 331 vigilan-

76 335 184 395 tiam,
212 347 290 374 esse
316 346 516 381 curamus;
554 335 606 374 sic
632 337 795 387 populus
824 337 1021 373 Romanus
1044 334 1179 395 deligit

77 388 331 439 magistratus,
357 389 466 440 quasi
488 389 702 439 reipublicae
721 390 891 435 villic0s3
920 388 960 425 in
988 387 1126 439 quibus
1145 387 1177 425 si

78 454 156 493 qua
178 449 356 492 praeterea
373 449 428 480 est
445 455 518 490 ars,
537 442 645 480 facile
662 443 829 494 patitur:
860 442 916 480 sin
941 443 1083 488 minus,
1104 441 1178 478 vir-

77 501 158 532 tute
175 507 305 533 eorum
323 503 360 534 et
376 495 588 533 innocentia
606 503 800 534 contentus
813 502 878 533 est.
909 495 1060 542 Quotus
1076 494 1177 531 enim

78 548 238 599 quisque
256 548 428 596 disertus,
448 556 586 599 quotus
605 549 764 600 quisque
779 549 873 598 juris
892 548 1034 599 peritus
1053 553 1120 593 est,
1134 553 1178 583 ut

77 613 140 639 eos
159 613 346 650 numeres,
366 602 432 652 qui
450 602 582 639 volunt
596 604 702 640 esse?
732 602 848 649 Quod
867 602 897 640 si
915 608 1093 652 praeterea
1110 600 1179 638 ho-

77 667 167 692 nore
184 654 321 704 dignus
339 667 464 702 nem0,
489 655 672 706 quidnam
691 662 746 693 tot
763 655 915 706 optimis
935 662 972 693 et
990 653 1180 693 omatissi-

77 708 150 746 mis
169 707 312 746 civibus
329 715 385 746 est
401 707 574 746 futurum
589 711 606 746 Ρ

130 760 291 799 XXVI.
319 761 442 799 Jubes
467 761 666 800 Plancium
693 761 741 799 de
760 762 857 800 vitiis
882 761 1094 799 Laterensis
1120 760 1179 798 di-

77 827 171 853 cere.
201 813 242 851 N
244 814 312 852 ihil
333 821 469 865 potest,
489 815 558 852 nisi
583 828 671 853 eum
695 815 808 852 nimis
833 816 872 852 in
895 828 934 853 se
951 813 1176 852 iracundum

79 866 268 919 [putabit]
300 867 426 906 fuisse.
463 868 570 906 Idem
595 869 700 906 effers
720 869 961 906 Laterensem
985 867 1174 905 laudibus.

76 920 203 959 Facile
220 921 355 971 patior,
382 921 421 958 id
440 927 476 959 te
498 934 606 972 agere
624 922 755 959 multis
773 921 908 968 verbis,
928 920 1031 972 quod
1049 920 1097 958 ad
1112 921 1176 969 ju-

74 974 216 1012 dicium
240 986 316 1012 non
344 973 552 1025 pertineat3
583 981 619 1012 et
643 975 682 1012 id
705 982 742 1013 te
763 981 999 1012 accusantem
1029 973 1175 1011 tamdiu

75 1027 210 1073 dicere,
231 1027 333 1078 quod
351 1040 419 1078 ego
437 1027 608 1066 defensor
626 1028 705 1066 sine
722 1028 888 1080 periculo
906 1027 1045 1078 possim
1060 1026 1179 1064 confi-

73 1080 155 1118 teri.
182 1081 308 1131 Atqui
325 1092 401 1118 non
415 1081 528 1119 modo
546 1081 735 1130 confiteor,
756 1093 906 1119 summa
923 1081 962 1118 in
975 1080 1178 1118 Laterense

73 1142 293 1172 ornamenta
317 1145 418 1180 esse3
457 1134 524 1172 sed.
547 1141 584 1173 te
608 1135 722 1172 etiam
744 1134 987 1186 reprehendo,
1007 1133 1109 1184 quod
1134 1145 1178 1171 ea

73 1199 149 1225 non
168 1199 386 1232 enumeres;
416 1187 490 1225 alia
507 1187 710 1238 quaedam
700 1188 828 1225 mania
852 1194 889 1225 et
906 1187 1003 1225 levia
1020 1185 1177 1237 conqui-

72 1253 144 1279 ras.
169 1241 357 1279 Praeneste
367 1240 495 1278 fecisse
507 1240 628 1279 ludos.
653 1241 779 1289 Quid.
770 1244 787 1267 ⁹
807 1240 871 1278 alii
885 1246 1086 1292 quaestores
1098 1251 1175 1277 non

72 1293 272 1332 fecerunt?
307 1293 464 1344 Cyrenis
484 1294 678 1332 liberalem
702 1294 742 1331 in
769 1294 1002 1344 publicanos,
1025 1293 1174 1342 justum

72 1347 114 1385 in
132 1346 262 1395 socios,
280 1346 407 1385 fuisse.
445 1346 544 1395 Quis
562 1350 705 1398 negat?
734 1347 800 1386 sed
823 1347 876 1384 ita
897 1347 1020 1384 multa
1038 1346 1175 1384 Romae

73 1406 269 1451 geruntur,
288 1406 334 1438 ut
350 1399 414 1439 vix
432 1413 489 1449 ea,
510 1413 595 1452 quae
613 1401 711 1439 fiunt
728 1401 768 1439 in
786 1400 999 1452 provinciis,
1019 1399 1176 1438 audian-

75 1461 149 1492 tur.

127 1507 219 1545 Non
237 1519 377 1555 vereor,
396 1519 445 1546 ne
461 1506 557 1545 mihi
575 1507 732 1559 aliquid,
749 1506 909 1558 judices,
929 1505 1056 1545 videar
1073 1518 1175 1544 arro-

72 1573 193 1610 gasse,
206 1562 237 1599 si
254 1562 301 1600 de
318 1560 510 1612 quaestura
522 1561 609 1598 mea
625 1561 768 1599 dixero.
797 1560 985 1608 Quamvis
997 1560 1098 1597 enim
1109 1559 1176 1596 illa

72 1612 252 1674 floruerit,
280 1621 408 1653 tamen
435 1626 524 1651 eum
555 1626 618 1652 me
640 1621 770 1666 postea
792 1613 941 1652 fuisse
930 1626 970 1650 111
997 1612 1176 1650 maximis

72 1665 240 1717 imperiis
252 1668 423 1716 arbitror,
435 1674 480 1705 ut
497 1679 573 1705 non
590 1667 643 1706 ita
656 1667 752 1705 mihi
768 1667 936 1704 multum
948 1666 995 1705 sit
1013 1679 1059 1704 ex
1071 1678 1176 1717 quae-

73 1727 186 1757 sturae
202 1720 315 1758 laude
332 1719 602 1770 repetendum·
633 1720 697 1759 sed.
714 1727 843 1758 tamen
864 1732 940 1757 non
959 1731 1099 1768 vereor,
1125 1730 1175 1757 ne

73 1772 159 1823 quis
188 1773 324 1812 audeat
347 1772 480 1820 dicere,
500 1773 644 1811 ullius
633 1786 673 1811 111
699 1773 827 1812 Sicilia
851 1779 1079 1825 quaesturam
1107 1778 1175 1809 aut

73 1825 275 1875 gratiorem
299 1833 366 1865 aut
393 1826 587 1864 clariorem
616 1826 742 1865 fuisse.
781 1826 884 1866 Vere
910 1825 1174 1871 (mehercules)

73 1878 144 1916 hoc
162 1878 284 1918 dicam
301 1893 312 1917 ε
342 1878 394 1917 sic
412 1886 496 1917 tum
513 1879 791 1929 existimabam,
806 1879 902 1917 nihil
918 1879 1090 1917 homines
1107 1877 1176 1914 ali-

73 1931 128 1991 ud
153 1931 302 1980 Romae,
328 1932 401 1970 nisi
418 1931 466 1970 de
483 1933 673 1983 quaestura
690 1933 789 1982 mea,
808 1932 926 1984 loqui.
959 1930 1174 1979 Frumenti,

72 1996 113 2021 111
141 1986 292 2023 summa
318 1985 482 2033 caritate,
511 1986 723 2024 maximum
745 1998 949 2024 numerum
972 1984 1174 2022 miseram:

72 2038 364 2088 negotiatoribus
381 2038 511 2085 comis,
531 2040 797 2078 mercatoribus
812 2040 952 2088 justus,
972 2035 1176 2086 municipi-

71 2091 144 2128 bus
161 2091 338 2139 liberalis,
358 2091 464 2130 sociis
481 2092 683 2139 abstinens,
703 2092 879 2130 omnibus
894 2103 996 2128 eram
1015 2089 1117 2127 visus
1135 2088 1176 2126 in

71 2143 177 2181 omni
190 2143 311 2183 officio
323 2144 646 2195 diligentissimus.
675 2144 890 2196 Excogitati
901 2142 1057 2196 quidam
1070 2149 1177 2181 erant

72 2208 96 2234 a
113 2196 249 2237 Siculis
269 2198 428 2236 honores
446 2197 617 2236 inauditi.
