1425 2334
330 106 442 145 PRO
471 107 694 145 SEXTIO.
725 108 828 146 CAP.
851 110 913 145 53.
1091 108 1167 145 30⁴.)

70 223 197 262 eoquae
222 213 438 250 turbulenta
462 215 603 261 concio,
623 216 731 264 cujus
756 215 819 252 ille
844 226 919 252 non
939 214 1170 251 concitator?

69 264 131 301 cui
155 265 248 302 bene
274 264 371 303 dixit
397 278 568 317 unquam
593 269 726 306 bono?
764 269 860 305 bene
881 267 1008 304 dixit?
1036 267 1170 313 immo,

67 329 182 366 quem
200 317 335 356 fortem
354 326 391 357 et
404 320 547 357 bonum
567 320 686 358 civem
705 332 781 358 non
800 320 1098 371 petulantissime
1117 326 1174 357 est

70 369 270 410 insectatus
284 373 302 409 ?
331 372 412 423 qui,
424 381 467 410 ut
479 373 602 421 credo,
618 386 694 412 non
711 374 879 411 libidinis
899 371 1022 419 causa,
1043 372 1106 410 sed
1125 378 1169 409 ut

66 422 250 473 plebicola
268 425 467 473 videretur,
488 427 702 464 libertinam
722 427 833 464 duxit
851 438 1022 464 uxorem.
1061 426 1100 462 Is
1126 425 1174 462 de

64 487 128 514 me
145 477 368 529 suffragium
391 479 507 525 tulit;
536 480 566 517 is
585 480 721 525 affiait3
751 481 783 518 is
805 479 977 518 interfuit
996 479 1117 530 epulis
1137 487 1173 515 et

64 531 380 579 gratulationibus
398 533 693 583 parricidarum:
723 534 762 571 in
787 547 864 585 quo
885 541 1013 570 tamen
1040 539 1094 569 est
1112 544 1174 568 me

64 581 182 629 ultus,
202 596 290 622 cum
308 584 375 623 illo
389 599 452 623 ore
471 586 640 625 inimicos
659 595 714 625 est
726 600 829 625 meos
848 586 1062 629 suaviatus;
1092 585 1173 635 qui,

66 636 174 685 quasi
191 637 279 675 mea
303 638 415 689 culpa
438 641 538 677 bona
565 640 782 691 perdiderit,
808 640 862 677 ita
884 641 932 677 ob
951 651 1034 677 eam
1053 639 1176 688 ipsam

67 701 220 727 causam
240 698 296 728 est
319 693 415 730 mihi
440 693 629 742 inimicus,
650 694 740 745 quia
764 693 861 731 nihil
875 692 1002 730 habet.
1032 692 1175 729 Utrum

67 754 136 792 ego
148 743 217 780 tibi
234 744 506 794 patrimonium
526 747 661 798 eripui,
684 747 799 791 Gelli,
821 759 866 784 an
888 753 930 783 tu
950 744 1142 783 comedisti
1158 746 1175 781 ἓ

66 795 200 842 Quid?
229 805 271 834 tu
286 810 371 836 meo
389 800 568 850 periculo,
582 813 718 851 gurges
737 813 778 838 ac
791 812 927 849 vorago
945 797 1176 849 patrimonii,

65 847 308 895 helluabare;
338 860 395 896 ut,
423 852 453 890 si
473 866 542 903 ego
561 855 690 891 consul
705 853 979 904 rempublicam
995 858 1122 889 contra
1141 858 1178 887 te

67 909 104 939 et
122 903 290 953 gregales
308 913 392 943 tucs
411 905 674 953 defendissem,
694 908 732 944 in
752 907 900 944 civitate
919 918 995 943 esse
1014 917 1077 941 me
1095 904 1177 940 nol-

66 955 120 992 les
135 959 152 993 ?
181 956 242 994 Te
260 969 372 996 nemo
399 967 553 997 tuorum
578 960 702 998 videre
721 960 827 998 vult:
858 971 990 996 omnes
1012 957 1175 1002 aditum,

65 1020 292 1059 semionem,
324 1024 579 1063 congressum,
611 1021 723 1050 tuum
753 1012 930 1063 fugiunt:
975 1018 1011 1048 te
1043 1010 1177 1047 sororis

68 1060 168 1100 filius
188 1063 411 1113 Postumus,
432 1065 643 1104 adolescens
661 1067 798 1117 gravis,
815 1065 922 1103 senili
934 1064 1090 1114 judicio,
1110 1075 1178 1100 no-

69 1115 175 1163 tavit,
206 1129 309 1164 cum,
335 1118 376 1155 in
406 1131 546 1169 magno
570 1132 743 1167 numero,
770 1127 932 1157 tutorem
957 1116 1082 1155 liberis
1101 1128 1177 1153 non

69 1167 242 1206 instituit.
271 1170 361 1220 Sed,
382 1172 502 1210 elatus
527 1173 626 1221 odio,
656 1182 692 1211 et
717 1185 803 1211 meo
821 1179 858 1210 et
877 1170 1092 1222 reipublicae
1109 1181 1177 1207 no-

68 1220 186 1270 mine,
209 1225 389 1274 (quorum
414 1226 479 1264 ille
502 1227 577 1264 utri
603 1226 650 1264 sit
679 1225 878 1270 inimicior,
906 1224 1043 1269 nescio)
1067 1223 1178 1273 plura

67 1273 162 1322 dixi,
191 1288 309 1326 quam
339 1277 542 1316 dicendum
569 1279 656 1327 fuit,
686 1279 725 1317 in
752 1277 1043 1316 furiosissimum
1065 1282 1179 1325 atque

68 1328 352 1379 egentissimum
371 1343 593 1381 ganeonem.

122 1381 223 1420 Illuc
249 1390 436 1421 revertor:
471 1392 601 1423 contra
627 1398 690 1422 me
717 1397 804 1422 cum
833 1384 881 1422 sit
901 1391 1044 1429 actum,
1068 1382 1178 1433 capta

71 1433 177 1472 Urbe
194 1442 308 1486 atque
326 1437 517 1487 oppressa,
539 1437 725 1485 Gellium,
746 1437 990 1483 Firmidium,
1011 1436 1176 1482 Titium,

69 1487 344 1536 ejusdemmodi·
362 1489 512 1537 Furias,
532 1490 607 1528 illis
624 1490 862 1528 mercenariis
876 1490 1052 1541 gregibus
1067 1489 1180 1526 duces

68 1547 106 1577 et
126 1549 293 1579 auctores
310 1542 439 1591 fuisse,
451 1556 540 1582 cum
557 1544 637 1595 ipse
649 1545 747 1582 lator
764 1544 860 1581 nihil
878 1545 926 1581 ab
944 1543 1081 1580 horum
1099 1549 1179 1579 tur-

67 1593 254 1643 pitudine,
281 1595 452 1644 audacia,
474 1597 659 1645 sordibus,
674 1597 900 1635 abhorreret.
929 1597 1001 1642 At,
1022 1608 1108 1633 cum
1129 1595 1177 1632 de

72 1645 255 1696 dignitate
275 1649 362 1686 mea
393 1649 595 1698 ferebatur,
625 1663 738 1688 nemo
765 1650 838 1688 sibi
862 1662 931 1688 nec
956 1648 1179 1687 valetudinis

73 1700 366 1748 excusationem,
390 1708 460 1741 nec
487 1704 700 1750 senectutis,
727 1703 816 1741 satis
834 1704 978 1752 justam
1002 1702 1176 1752 putavit:

72 1763 184 1790 nemo
197 1753 285 1802 fuit,
298 1754 367 1805 qui
384 1767 424 1792 se
441 1768 518 1794 non
537 1757 812 1808 rempublicam
830 1768 981 1794 mecum
993 1755 1105 1793 simul
1122 1766 1179 1792 re-

72 1817 203 1844 vocare
220 1806 260 1843 in
279 1819 365 1845 suas
383 1809 487 1847 sedes
504 1810 757 1848 arbitraretur.

127 1858 249 1896 LIII.
270 1860 478 1900 Videamus
489 1874 590 1901 nunc
601 1863 751 1901 comitia
764 1863 1066 1914 magistratuum.
1088 1860 1179 1897 Fuit

72 1911 275 1962 collegium
305 1925 426 1964 nuper
457 1916 715 1963 tribunicium,
739 1917 779 1954 in
804 1929 881 1966 quo
905 1923 977 1952 tres
1004 1913 1177 1959 minime,

73 1964 312 2003 vehementer
336 1967 426 2014 duo,
446 1970 646 2020 populares
664 1969 987 2007 existimabantur.
1021 1966 1084 2004 Ex
1102 1965 1176 2011 his,

72 2017 139 2068 qui
158 2019 357 2069 populares
375 2032 450 2058 non
470 2021 719 2071 habebantur,
739 2023 878 2073 quibus
902 2021 939 2058 in
960 2020 1025 2057 illo
1043 2031 1178 2069 genere

71 2071 340 2110 conductarum
354 2073 573 2113 concionum
586 2075 811 2114 consistendi
823 2081 983 2125 potestas
994 2085 1067 2110 non
1084 2079 1176 2118 erat,

71 2122 149 2161 duo
178 2136 202 2161 a
225 2126 366 2176 populo
393 2127 569 2167 Romano
593 2137 768 2180 praetores
797 2127 902 2165 video
931 2139 1010 2164 esse
1034 2125 1174 2163 factos:

73 2182 124 2225 et,
143 2185 328 2228 quantum
349 2181 582 2220 sermonibus
599 2182 705 2232 vulgi
724 2189 761 2220 et
774 2179 961 2232 suffragiis
970 2178 1178 2229 intelligere
