1425 2334
294 106 406 144 PRO
437 104 699 144 PLANCIO.
729 106 832 142 CAP.
855 106 916 141 25.
1080 101 1152 140 241

64 213 173 263 plebe
201 212 348 250 aedilem
377 212 545 249 curulem
577 210 719 248 factum
752 223 828 248 esse
853 210 960 247 dixit.
999 208 1047 247 In
1070 220 1162 259 qun,

66 265 186 312 Cassi,
215 265 246 303 si
272 264 325 302 ita
352 265 419 303 tibi
446 264 703 314 respondeam,
733 265 890 301 nescisse
914 263 953 300 id
975 263 1162 313 populum

66 320 300 365 Romanum,
313 331 435 368 neque
445 317 559 355 fuisse
571 317 637 368 qui
648 317 686 353 id
701 316 808 354 nobis
820 323 997 362 narraret,
1011 317 1173 365 praesera‘

66 372 150 419 tim,
163 379 313 409 mortuo
328 371 502 421 Longino
516 384 527 415 ;
549 382 639 417 non,
652 378 695 407 ut
709 370 853 420 opinor,
867 369 1061 416 admirere,
1075 380 1163 405 cum

67 437 136 474 ego
154 425 246 475 ipse,
266 436 341 462 non
360 424 560 462 abhorrens
580 436 602 460 a
620 423 743 461 studio
761 422 1007 472 antiquitatis,
1022 434 1084 458 me
1102 421 1166 458 hic

67 477 106 515 id
125 490 172 515 ex
190 485 226 515 te
244 477 411 528 primum
429 476 580 514 audisse
598 476 784 514 confitear.
818 476 886 522 Et,
906 474 1085 526 quoniam
1100 481 1167 511 tua

67 530 140 568 fuit
150 531 367 581 perelegans
386 543 428 568 ac
441 530 655 581 persubtilis
669 530 800 574 oratio,
814 529 928 579 digna
939 527 1074 578 equitis
1086 528 1167 564 Roa

66 583 171 621 mani
189 584 249 622 vel
267 583 390 621 studio
409 584 467 621 vel
488 583 655 634 pudore3
685 582 940 634 quoniamque
958 581 1011 618 sic
1036 582 1082 618 ab
1106 579 1168 617 his

68 649 106 674 es
124 636 288 684 auditus,
307 645 351 674 ut
365 649 525 687 magnus
536 636 654 674 honos
669 644 704 674 et
718 635 867 686 ingenio
886 642 922 672 et
939 632 1168 672 humanitati

68 696 145 727 tuae
163 690 412 736 tribueretur3
434 689 662 740 respondebo
674 689 720 727 ad
735 702 791 736 ea,
805 701 890 739 quae
908 687 1060 732 dixisti3
1082 699 1169 737 quae

70 743 247 793 pleraque
264 741 311 780 de
335 743 416 794 ipso
438 755 500 780 me
525 743 700 780 fuerunt:
729 742 769 778 in
788 742 926 792 quibus
944 740 1016 791 ipsi
1034 739 1167 785 aculei,

70 796 102 833 si
129 809 222 847 quos
246 796 412 834 habuisti
437 796 476 833 in
501 809 563 834 me
584 795 899 846 reprehendendo,
926 801 1052 832 tamen
1074 792 1170 830 mihi

71 861 148 887 non
165 849 303 900 ingrati
321 849 543 887 acciderunt.

126 901 320 950 Quaesisti,
348 910 477 940 utrum
504 902 600 940 mihi
628 909 814 953 putarem,
843 901 977 952 equitis
1004 899 1170 938 Romani

74 954 165 1001 filio,
185 955 388 994 faciliorem
407 956 519 993 fuisse
538 955 585 993 ad
610 955 863 1006 adipiscendos
880 954 1037 992 honores
1055 953 1170 999 viam,

75 1021 123 1046 an
138 1008 308 1046 futuram
323 1022 399 1047 esse
418 1008 495 1046 filio
513 1021 610 1055 meo,
625 1009 691 1060 qui
710 1016 802 1046 esset
815 1007 961 1045 familia
974 1005 1171 1045 consulari„

75 1061 161 1112 Ego
180 1075 279 1108 vero,
303 1074 535 1113 quamquam
555 1062 611 1099 illi
629 1062 757 1099 omnia
780 1062 895 1108 malo,
915 1073 1031 1111 quam
1049 1059 1170 1103 mihi;

77 1122 204 1152 tamen
223 1115 279 1152 illi
297 1115 483 1153 honorum
502 1115 625 1153 aditus
650 1127 847 1165 nunquam
866 1113 1046 1151 faciliores
1065 1120 1173 1163 opta-

77 1167 128 1215 vi,
148 1180 264 1218 quam
282 1168 377 1205 mihi
389 1168 553 1206 fuerunt.
582 1168 688 1216 Quin
708 1168 821 1205 etiam
837 1169 901 1210 (ne
914 1166 1008 1204 sorte
1026 1166 1090 1203 ille
1102 1165 1174 1203 sibi

78 1233 139 1258 me
157 1221 280 1271 potius
298 1222 481 1272 peperisse
498 1222 580 1270 jam
602 1222 772 1267 honores,
793 1233 909 1271 quam
934 1219 1002 1257 iter
1020 1219 1175 1256 demon-

77 1273 211 1312 strasse
235 1273 570 1324 adipiscendorum,
598 1281 722 1325 putet)
742 1274 822 1311 haec
845 1273 902 1310 illi
923 1273 1022 1310 soleo
1047 1271 1177 1322 praeci-

78 1339 180 1377 pere,
203 1329 452 1378 (quamquam
471 1327 519 1364 ad
537 1334 722 1378 praecepta
741 1334 828 1364 aetas
851 1338 925 1363 non
949 1332 1005 1363 est
1035 1325 1176 1376 gravis)

80 1393 165 1430 quae
182 1379 262 1428 ille,
282 1393 305 1417 a
322 1380 421 1418 Jove
439 1379 555 1430 ortus,
571 1381 648 1418 suis
666 1380 833 1432 praecipit
850 1378 960 1416 filiis:

135 1462 163 1483 ‘⁶
183 1460 433 1552 vigilandum
465 1469 520 1500 est
549 1474 721 1513 semper:
759 1461 891 1499 multae
920 1459 1064 1499 insidiae
1089 1466 1178 1498 sunt

264 1526 356 1553 oms.

83 1596 123 1633 N
125 1596 214 1634 ostis
232 1603 384 1636 caetera:

138 1671 165 1691 ‘⁴
186 1669 277 1707 Non
295 1676 332 1708 te
349 1670 402 1719 id,
423 1663 524 1722 quod
542 1666 654 1709 multi
672 1667 888 1709 invideam&
907 1695 1044 1707 .....

84 1762 170 1799 quae
188 1749 334 1800 scripsit
350 1752 472 1801 gravis
489 1752 554 1791 ille
572 1760 608 1791 et
625 1752 840 1803 ingeniosus
858 1754 992 1802 poe'ta:
1017 1747 1178 1799 scripsit,

84 1813 160 1838 non
179 1808 222 1839 ut
239 1802 323 1841 illos
342 1804 460 1854 regios
485 1819 634 1856 pueros,
660 1806 727 1857 qui
748 1807 829 1855 jam
851 1815 1040 1855 nusquam
1062 1808 1181 1849 erant,

86 1854 151 1892 sed
171 1862 212 1892 ut
230 1867 296 1894 nos
315 1863 352 1894 et
370 1865 512 1895 nostros
529 1858 678 1907 liberos,
706 1859 754 1896 ad
778 1859 944 1896 laborem
966 1866 1004 1894 et
1029 1854 1182 1892 laudem

86 1907 274 1946 excitaret.
293 1908 456 1958 Quaeris,
467 1911 558 1962 quid
569 1912 732 1962 potuerit
743 1911 905 1962 amplius
913 1908 1059 1959 assequi
1068 1907 1185 1944 Plan-

87 1961 178 2008 cius,
198 1962 230 1999 si
250 1962 320 2000 Cn.
338 1963 520 2014 Scipionis
538 1964 668 2003 fuisset
681 1965 792 2003 filius.
823 1963 952 2014 Magis
971 1960 1087 2000 aedilis
1105 1958 1185 1997 fieri

86 2026 162 2052 non
181 2015 383 2065 potuisset:
413 2017 476 2054 sed
494 2017 564 2056 hoc
581 2025 786 2069 praestaret,
806 2016 908 2068 quod
932 2015 967 2053 ei
983 2013 1109 2051 minus
1127 2012 1187 2048 in-

87 2067 285 2106 videretur.
314 2068 469 2107 Etenim
487 2070 673 2109 honorum
690 2070 829 2122 gradus
847 2067 1007 2108 summis
1023 2065 1188 2103 homini-

86 2121 158 2158 bus
173 2128 210 2158 et
227 2121 367 2160 infimis
385 2130 475 2161 sunt
487 2136 618 2174 pares;
647 2124 775 2175 gloriae
793 2124 968 2174 dispares.

141 2173 276 2223 XXV.
306 2174 404 2224 Quis
427 2179 595 2229 nostrum
620 2190 659 2217 se
681 2177 771 2217 dicit
796 2176 858 2216 Μ’
879 2174 1009 2223 Curio,
1029 2170 1191 2225 quisC„

144 2232 297 2278 (Orat.)
318 2240 420 2269 von.
444 2241 514 2268 111.
888 2239 918 2265 Y
