1435 2328
211 100 284 138 104
395 95 536 137 POST
564 95 837 135 REDITUM
868 95 902 135 1.
933 96 1038 137 CAP.
1062 97 1123 137 11.

216 219 294 255 sus,
331 204 514 243 molestus
544 203 737 252 omnibus,
767 203 840 255 ipsi
868 216 916 243 ne
944 204 1141 244 luctuosus
1170 202 1329 255 quidem

216 260 320 299 visus
337 259 423 297 fuit.
453 259 590 309 Itaque
610 257 854 309 [dimittitur]
885 270 962 296 non
979 258 1095 297 modo
1112 257 1244 296 salutis
1262 256 1334 294 de·-

217 313 356 360 fensor,
370 312 436 363 qui
451 320 537 350 ante
549 313 620 350 hoc
631 323 753 349 unum
768 311 993 349 beneficium
1005 312 1129 349 fuerat
1138 310 1332 358 inimicus,

218 379 353 406 verum
372 366 486 403 etiam
505 365 710 416 adscriptor
724 365 917 415 dignitatis
932 378 1037 403 meae.
1068 365 1158 412 Quo
1177 363 1334 425 quidem

220 421 296 467 die,
317 432 406 458 cum
426 418 693 458 CCCCXVII
714 431 760 456 ex
780 426 911 456 senatu
930 432 985 457 ess
987 420 1069 466 etis,
1089 418 1335 482 magistratus

223 481 354 513 autem
372 473 414 510 hi
432 486 563 511 omnes
586 472 770 521 adessent,
790 472 964 511 dissensit
981 485 1096 519 unus,
1116 472 1162 520 is,
1182 470 1249 521 qui
1268 483 1339 507 sua

222 529 307 578 lege
325 528 538 576 conjuratos
560 527 671 564 etiam
702 527 749 563 ab
777 525 905 564 inferis
933 526 1148 565 excitandos
1171 523 1337 574 putarat.

224 582 360 633 Atque
375 581 443 619 illo
461 580 535 627 die,
557 593 634 631 quo
643 579 937 640 rempublicam
955 579 1050 617 meis
1069 576 1233 616 0011511115
1251 589 1342 615 0011-

227 642 414 673 servatam
442 633 673 692 gravissimis
692 632 813 669 verbis
833 639 869 669 et
886 631 1063 682 plurimis
1088 630 1339 680 judicassen's,

227 688 331 726 idem
351 687 481 726 consul
500 685 657 732 curavit,
677 692 722 722 ut
740 684 871 722 eadem
889 697 913 722 a
930 684 1165 735 principibus
1183 683 1344 722 civitatis

228 741 269 779 in
298 740 487 786 concione,
519 746 667 790 postero
696 737 771 786 die,
802 737 1040 776 dicerentur·
1070 751 1159 776 cum
1188 737 1346 788 quidem

230 795 314 846 ipse
333 793 409 844 egit
426 792 662 831 ornatissime
681 804 834 830 causam
850 804 992 840 meam,
1014 791 1260 852 perfecitque,
1280 791 1348 828 ad-

233 854 358 887 stante
372 854 486 898 atque
505 846 681 884 audiente
700 845 815 883 Italia
833 845 926 893 tota,
939 852 984 882 ut
993 857 1106 883 nemo
1121 845 1348 895 cujusquam

235 901 411 940 conducti
430 906 497 938 aut
520 899 658 951 perditi
676 911 806 938 vocem
824 900 998 938 acerbam
1015 906 1131 951 atque
1153 897 1350 936 inimicam

236 955 345 995 bonis
364 960 489 1006 posset
506 953 647 991 audire.

303 1009 382 1047 XI.
411 1008 480 1046 Ad
508 1007 589 1046 haec
610 1019 688 1045 non
720 1006 835 1045 modo
865 1006 1087 1056 adjumenta
1111 1005 1257 1052 salutis,
1288 980 1353 1043 sed

238 1062 354 1102 etiam
373 1068 595 1100 ornamenta
621 1060 816 1112 dignitatis
833 1073 942 1109 meae,
969 1060 1116 1112 reliqua
1145 1072 1211 1098 vos
1238 1058 1354 1096 iidem

243 1116 464 1155 addidistis:
496 1115 723 1175 decrevistis,
744 1127 792 1152 ne
811 1114 897 1165 quis
914 1115 996 1152 ulla
1015 1113 1158 1152 ratione
1176 1125 1256 1151 rem
1280 1112 1356 1150 im-

241 1169 412 1222 pediret;
444 1168 513 1220 qui
535 1169 576 1206 id
603 1168 836 1220 impedisset,
864 1168 1026 1218 graviter
1052 1167 1284 1217 molesteque
1301 1166 1358 1203 la-

242 1231 373 1268 turos;
402 1222 515 1259 illum
533 1230 661 1260 contra
679 1221 968 1280 rempublicam,
981 1221 1220 1271 salutemque
1239 1220 1358 1257 bono·

247 1289 350 1324 rum,
367 1275 682 1324 concordiamque
701 1273 855 1319 civium,
875 1273 1092 1319 facturum3
1113 1281 1151 1311 et
1164 1279 1208 1310 ut
1227 1272 1276 1310 ad
1293 1285 1360 1311 vos

247 1329 296 1367 de
323 1342 366 1367 eo
385 1328 513 1366 statim
531 1326 754 1364 referretur:
781 1338 920 1386 meque
938 1326 1066 1373 etiam,
1087 1326 1119 1365 si
1137 1325 1281 1364 diutius
1300 1339 1363 1364 ca-

248 1382 540 1428 lumniarentur,
565 1379 686 1418 redire
709 1379 885 1440 jussistis.
916 1379 1055 1426 Quid?
1083 1387 1128 1417 ut
1160 1386 1362 1429 agerentur

250 1436 394 1487 gratiae,
415 1435 483 1487 qui
502 1447 522 1472 e
539 1433 757 1484 municipiis
786 1433 1004 1471 venissent?
1034 1432 1160 1484 quid?
1187 1439 1233 1470 ut
1250 1433 1300 1471 ad
1317 1432 1365 1470 il-

249 1491 331 1528 lam
349 1489 464 1537 diem,
480 1501 538 1526 res
549 1500 638 1525 cum
649 1487 819 1533 redisset,
832 1494 1068 1537 rogarentur,
1083 1494 1130 1525 ut
1141 1486 1226 1538 pari
1239 1486 1366 1525 studio

250 1543 524 1583 convenirent?
554 1540 662 1589 Quid
681 1540 843 1592 denique
864 1539 950 1588 [illo
969 1541 1049 1592 die]
1064 1553 1180 1592 quem
1199 1541 1246 1578 P.
1263 1540 1368 1578 Len-

251 1598 371 1657 tulus,
391 1596 501 1642 1111111,
513 1595 695 1646 fratrique
708 1607 808 1643 meo,
820 1593 1025 1646 liberisque
1038 1593 1188 1642 nostris,
1200 1594 1368 1632 natalem

254 1649 463 1697 constituit,
482 1661 559 1687 non
588 1648 702 1686 modo
732 1648 781 1685 ad
810 1654 993 1696 nostram,
1022 1660 1155 1686 vemm
1185 1648 1300 1686 etiam
1319 1647 1369 1685 ad

255 1703 474 1755 sempiterni
498 1701 722 1740 memoriam
741 1702 944 1753 temporis.
935 1704 952 1730 ⁹
981 1715 1058 1753 quo
1076 1701 1138 1740 die
1155 1714 1238 1762 nos,
1254 1700 1372 1739 comi-

253 1757 317 1796 tiis
346 1756 576 1803 centuriatis,
599 1758 701 1806 (quae
719 1755 887 1793 maxime
904 1756 1067 1817 majores
1091 1754 1245 1794 comitia
1267 1755 1373 1804 justa

257 1811 333 1849 (1101
354 1810 560 1861 haberique
589 1809 807 1857 voluerunt)
834 1809 1024 1847 arcessivit
1053 1809 1093 1846 in
1122 1808 1301 1860 patriam,
1328 1813 1374 1846 ut

260 1865 404 1903 eaedem
423 1863 614 1911 centuriae,
642 1876 728 1914 quae
745 1875 809 1901 me
828 1863 1020 1901 consulem
1038 1862 1218 1910 fecerant,
1237 1875 1373 1900 consu-

260 1919 385 1956 latum
402 1930 534 1955 meum
549 1918 846 1967 comprobarent.
876 1916 967 1964 Quo
985 1916 1046 1955 die
1064 1916 1151 1968 quis
1178 1915 1268 1954 civis
1285 1915 1375 1965 fuit,

261 1973 331 2023 qui
349 1972 407 2010 fas
426 1983 505 2009 esse
523 1977 689 2022 putaret,
710 1970 954 2021 quacumque
972 1978 1042 2009 aut
1059 1977 1168 2009 aetate
1186 1976 1253 2008 aut
1276 1970 1378 2008 vale-

263 2025 397 2063 tudine
417 2031 524 2072 esset,
545 2037 621 2062 non
641 2037 679 2062 se
697 2024 744 2061 de
763 2025 884 2062 salute
901 2024 989 2062 mea
1008 2023 1236 2062 sententiam
1248 2023 1369 2062 ferre.
1359 2025 1378 2051 ⁹

265 2078 434 2126 Quando
475 2085 622 2117 tantam
658 2077 911 2129 frequentiam
947 2078 988 2116 in
1025 2078 1188 2130 Campo,
1225 2083 1377 2115 tantum

263 2132 504 2183 splendorem
555 2132 681 2170 Italiae
716 2131 831 2170 totius
873 2131 1129 2183 ordinumque
1172 2129 1374 2169 omnium·
1361 2157 1375 2177 ‚

263 2186 417 2238 quando
448 2185 516 2226 ina
544 2185 727 2239 dignitate
757 2192 959 2238 rogatores,
989 2185 1215 2234 diribitores,
1249 2189 1373 2224 custo-
