1455 2343
178 75 260 112 384
328 73 404 111 DE
428 72 698 112 PROVINC.
720 72 957 113 CONSUL.
988 74 1094 113 CAP.
1115 76 1152 120 7.

176 194 268 222 vrum
283 182 425 229 ruinas,
441 181 718 232 provinciarum
735 182 936 230 vastitates,
949 182 1099 234 imperii
1110 183 1292 229 maculas,

180 236 353 273 teneretis
371 238 388 274 Ρ
416 236 474 273 At
492 235 606 273 iidem
622 247 701 282 vos,
718 248 817 274 anno
837 237 1039 287 superiore,
1054 236 1123 274 hos
1142 236 1292 274 eosdem

181 289 424 337 revocabatis,
463 302 551 327 cum
588 289 628 326 in
664 290 874 340 provincias
907 291 990 339 jam
1026 290 1292 341 pervenissent.

174 343 274 389 Quo
299 350 468 394 tempore
496 343 527 381 si
555 342 720 380 liberum
738 351 905 381 vestrum
930 343 1118 393 judicium
1146 343 1292 388 fuisset,

182 409 250 434 nec
279 397 387 434 toties
415 396 532 434 dilata
555 409 627 442 res,
657 409 725 434 nec
753 397 801 434 ad
828 404 1043 435 extremum
1068 410 1088 435 e
1117 397 1294 435 manibus

182 457 310 501 erepta.
337 458 456 494 esset;
486 450 737 488 restituissetis
757 450 826 497 (id,
847 451 950 501 quod
972 450 1195 501 cupiebatis)
1215 463 1296 488 ves-

181 511 281 542 tram
307 504 582 565 auctoritatem,
603 503 663 549 iis,
683 517 749 555 per
767 517 863 554 quos
881 511 960 542 erat
978 503 1129 550 amissa,
1150 516 1213 541 rcv
1214 516 1298 541 oca-

183 557 245 605 tis,
267 565 304 596 et
321 558 408 595 his
399 558 489 608 ipsis
507 557 675 618 praemiis
704 557 873 617 extortis,
894 570 981 617 quas
1009 566 1116 594 erant
1132 569 1202 608 pro
1221 570 1299 595 sce-

183 612 261 649 lere
279 618 393 662 atque
412 611 601 648 eversione
620 610 752 661 patriae
771 610 970 648 consecuti.
1015 641 1018 645 .

241 663 355 713 [Qua
375 678 394 702 e
418 664 551 715 poena]
579 663 611 701 si
630 671 729 711 tum,
750 664 913 702 aliorum
941 664 1092 714 opibus,
1112 676 1188 702 non
1209 665 1298 707 suis,

185 717 420 757 invitissimis
438 717 558 765 vobis,
579 718 801 761 evolarunt3
831 725 871 756 at
895 717 1010 755 aliam
1034 718 1159 756 multo
1182 719 1304 767 majo-

187 785 269 810 rem
287 771 576 822 gravioremque
604 771 813 809 subierunt.
843 771 944 818 Quae
963 770 1066 808 enim
1083 771 1244 818 homini,
1264 772 1304 809 in

187 839 264 877 quo
289 824 441 876 aliquis,
462 825 495 862 si
512 837 589 862 non
618 824 731 862 famae
758 824 894 875 pudor,
924 831 963 862 at
990 824 1166 876 supplicii
1193 825 1307 863 timor

188 886 257 925 est,
288 878 438 929 gravior
466 891 578 929 poena
607 878 772 916 accidere
800 878 938 929 potuit,
968 891 1087 929 quam
1112 890 1190 916 non
1209 879 1308 917 credi

188 932 308 971 literis
326 932 388 979 iis,
409 945 495 982 quae
513 944 595 970 rem
613 933 709 969 bene
721 938 867 982 gestam
881 932 921 969 in
939 933 1040 970 bello
1058 932 1278 970 nuntiarent
1291 936 1308 970 ἱ)

190 986 278 1024 Hoc
311 986 442 1024 statuit
472 993 637 1033 senatus,
670 998 758 1023 cum
788 985 964 1037 frequens
994 986 1306 1036 supplicationem

192 1039 358 1078 Gabinio
383 1039 607 1090 denegavit:
637 1040 821 1090 primum,
841 1039 989 1077 homini
1008 1039 1223 1086 sceleribus,
1243 1039 1311 1077 fla·-

189 1093 305 1145 gitiis,
315 1092 690 1141 contaminatissimo,
700 1093 797 1130 nihil
805 1106 883 1131 esse
894 1092 1124 1132 credendum
1134 1107 1145 1138 3
1160 1092 1308 1132 deinde.

191 1161 214 1185 a
239 1147 443 1198 proditore,
470 1154 586 1198 atque
605 1160 662 1194 eo,
687 1159 802 1197 quem
830 1155 1055 1198 praesentem
1073 1147 1221 1185 hostem
1239 1147 1310 1184 rei-

191 1201 355 1252 publicae
373 1202 583 1251 cognosset,
603 1203 699 1238 bene
718 1214 798 1238 rem
817 1201 898 1251 geri
916 1213 992 1239 non
1011 1201 1202 1251 potuisse;
1223 1213 1310 1251 pos-

193 1263 327 1301 tremo,
348 1267 397 1292 ne
411 1254 515 1292 Deos
535 1254 691 1306 quidem
710 1254 944 1293 immortales
967 1255 1063 1293 velle
1088 1254 1223 1306 aperin'
1242 1267 1310 1292 sua

191 1309 349 1358 templa,
372 1316 408 1346 et
427 1308 498 1346 sibi
516 1308 722 1369 supplicari
740 1308 933 1346 hominis
923 1307 1172 1359 lmpurissimi
1184 1315 1220 1345 et
1231 1320 1309 1345 sce--

190 1361 407 1399 leratissimi
420 1362 587 1399 nomine.
618 1362 756 1412 Itaque
767 1362 831 1399 ille
846 1363 940 1399 alter
954 1369 1021 1399 aut
1034 1362 1113 1412 ipse
1128 1368 1183 1398 est
1194 1361 1311 1398 homo

191 1415 338 1461 doctus,
359 1422 395 1453 et
407 1428 430 1452 a
442 1415 518 1452 suis
533 1415 674 1452 Graecis
689 1415 865 1453 subtilius
881 1415 1063 1460 eruditus,
1079 1414 1308 1465 quibuscum

191 1469 275 1517 jam
301 1468 341 1505 in
371 1469 520 1506 exostra
547 1468 740 1506 helluatur
768 1471 896 1510 (antea
922 1475 1008 1519 post
1035 1467 1215 1519 siparium
1249 1481 1309 1505 so-

191 1522 334 1568 lebat);
358 1528 425 1559 aut
438 1522 577 1560 amicos
589 1522 705 1559 habet
718 1521 992 1572 prudentiores,
1011 1534 1129 1573 quam
1149 1521 1310 1559 Gabini-

194 1589 260 1620 us;
288 1577 396 1625 cujus
416 1575 532 1613 nullae
545 1575 664 1613 literae
682 1575 935 1626 perferuntur.

248 1629 350 1667 VII.
381 1629 508 1667 Hosce
526 1628 644 1679 igitur
668 1628 912 1680 imperatores
929 1629 1156 1668 habebimus
1169 1631 1187 1668 ’ἓ
1216 1642 1313 1680 quon

195 1695 283 1720 rum
302 1684 396 1720 alter
415 1695 500 1720 non·
511 1682 626 1720 audet
643 1695 712 1720 nos
731 1682 903 1721 certiores
921 1683 1057 1730 facere,
1083 1695 1132 1720 ne
1148 1683 1314 1733 impera-

197 1744 255 1774 tor
273 1737 511 1787 appelletur;
543 1737 721 1783 alterum,
742 1736 772 1773 si
802 1736 987 1774 tabellarii
1014 1748 1090 1774 non
1120 1736 1313 1782 cessarint,

197 1803 346 1828 necesse
372 1797 427 1828 est
450 1789 580 1840 paucis
616 1789 750 1827 diebus
781 1790 961 1840 poeniteat
997 1790 1146 1827 audere.
1194 1789 1316 1840 Cujus

198 1843 312 1881 amici
330 1843 361 1881 si
380 1842 448 1894 qui
467 1850 569 1890 sunt,
589 1851 657 1881 aut
675 1856 713 1881 se
727 1844 865 1881 belluae
879 1850 959 1881 tam
982 1843 1144 1881 immani
1162 1850 1318 1894 tamque

198 1905 303 1935 tetrae
317 1904 476 1947 possunt
488 1897 556 1935 ulli
571 1910 649 1935 esse
660 1897 786 1942 amici,
795 1897 867 1935 hac
878 1897 1129 1935 consolatione
1140 1904 1316 1944 utuntur,

198 1950 315 1988 etiam
327 1951 376 1988 T.
397 1951 565 1989 Albucio
580 1950 896 2002 supplicationem
907 1951 1011 1988 hunc
1022 1950 1192 1988 ordinem
1205 1950 1317 1988 dene-

200 2002 316 2054 gasse.
348 2004 466 2051 Quod
485 2012 540 2042 est
557 2004 727 2055 primum
756 2004 962 2042 dissimile:
992 2017 1050 2042 res
1075 2004 1116 2042 in
1143 2004 1318 2042 Sardinia

200 2070 288 2095 cum
304 2058 541 2096 mastrucatis
555 2058 777 2096 latrunculis
790 2071 813 2096 a
826 2065 1054 2109 propraetore
1071 2058 1151 2096 una
1169 2058 1321 2095 cohorte

201 2111 403 2150 auxiliaria
416 2120 547 2162 gesta;
569 2122 605 2149 et
624 2112 768 2149 bellum
789 2125 876 2149 cum
896 2111 1076 2150 maximis
1089 2111 1208 2162 Syria:
1226 2123 1318 2161 gen-

201 2165 317 2211 tibus,
340 2166 522 2216 tyrannica,
553 2165 740 2204 consulari
767 2165 932 2203 exercitu
962 2164 1196 2216 imperioque
1231 2176 1320 2218 cor}-
