1425 2334
343 102 478 156 [PRO
509 103 744 144 FLACCO.
781 102 886 143 CAP.
915 105 953 143 9.
1194 102 1220 140 9

109 209 192 258 jam
210 220 287 250 non
305 218 362 250 est
385 211 482 250 mihi
499 211 687 250 contentio
704 223 795 250 cum
813 217 907 249 teste
923 224 934 248 ε
964 208 1070 248 vobis
1089 208 1221 248 viden-

110 262 205 300 dum
224 272 292 314 est,
312 265 435 304 sintne
452 265 533 303 haec
551 264 765 303 testimonia
783 263 964 315 putanda„

165 317 288 358 V111.
317 318 548 357 Adolescens
577 320 713 366 bonus,
741 318 897 355 honesto
915 317 996 354 loco
1015 323 1140 362 natus,
1161 315 1219 353 di-

111 377 245 419 sertus,
266 385 355 410 cum
373 372 542 409 maximo
561 371 872 421 ornatissimoque
892 370 1086 416 comitatu,
1117 369 1220 407 venit

110 423 150 460 in
168 425 352 476 oppidum
383 426 628 463 Graecorum:
658 425 825 475 postulat
843 423 1084 462 concionem:
1114 423 1220 460 locu-

111 477 230 528 pletes
249 479 421 517 homines
445 486 481 516 et
499 491 644 529 graves,
667 490 714 516 ne
740 477 811 515 sibi
835 477 1090 523 adversentur,
1113 475 1217 513 testi-

111 531 232 568 monii
261 532 544 570 denuntiatione
578 532 762 569 deterret:
794 538 946 581 egentes
972 537 1008 567 et
1029 529 1127 566 leves
1156 541 1222 579 spe

112 583 310 634 legationis
329 592 366 623 et
395 585 528 623 111111οο
548 585 714 635 publico,
742 584 890 635 privata
915 584 1028 621 etiam
1048 582 1221 632 benigni-

113 643 204 685 tate,
231 639 424 690 prolectat.
454 638 620 689 Opifices
646 647 682 677 et
705 637 888 676 taberna]
879 649 946 685 105,
974 643 1087 687 atque
1111 636 1220 673 illam

112 702 266 730 omnem
285 692 415 730 faecem
435 692 645 752 civitatum,
666 691 759 742 quid
789 698 843 728 est
862 690 1002 740 negotii
1021 689 1219 749 concitare,

113 742 154 781 in
181 757 269 782 eum
294 745 516 797 praesertim,
537 745 603 796 qui
628 757 749 796 nuper
775 756 924 781 summo
944 755 1032 781 cum
1060 741 1220 792 imperio

111 796 239 844 fueiit,
260 811 411 837 summo
429 807 558 836 autem
584 799 624 835 in
643 811 771 836 amore
793 810 885 843 esse,
911 804 1064 847 propter
1081 807 1222 833 nomen

110 850 238 901 ipsum
257 852 419 902 imperii,
446 864 522 890 non
550 852 745 903 potuerit?
775 850 1002 888 Mirandum
1033 861 1120 887 vero
1150 855 1219 895 est,

111 903 283 943 homines
312 918 388 953 eos,
420 906 559 956 quibus
589 905 675 942 odio
703 912 793 942 sunt
816 911 952 941 nostrae
972 915 1130 947 secures,
1151 914 1222 939 no-

111 969 201 995 men
220 959 425 1019 acelbitati,
442 959 638 1009 scriptura,
658 958 840 1004 decumae,
861 956 1071 1007 portorium
1090 954 1219 1002 morti,

112 1011 273 1050 libenter
308 1012 470 1063 arripere
501 1012 720 1049 facultatem
755 1011 873 1048 laeder·
878 1009 930 1055 di,
970 1020 1222 1059 quaecumque

113 1064 234 1102 detur.
265 1065 502 1104 Mementote
520 1065 650 1115 igitur,
667 1077 755 1102 cum
770 1063 928 1101 audietis
947 1062 1218 1112 psephismata,

112 1129 189 1156 non
204 1118 334 1156 audire
345 1131 410 1157 vos
425 1118 666 1163 testimonia3
696 1117 826 1155 audire
838 1124 913 1154 tem
918 1117 1086 1153 critatem
1099 1114 1219 1164 vulgi,

112 1171 243 1210 audire
273 1185 402 1210 vocem
429 1171 609 1209 levissimi
638 1171 836 1221 cujusque,
865 1169 994 1206 audire
1022 1167 1221 1218 strepitum

112 1224 389 1286 imperitorum,
409 1225 539 1263 audire
553 1224 768 1262 concionem
785 1222 1008 1261 concitatam
1022 1221 1220 1259 levissimae

112 1278 285 1317 nationis.
315 1279 453 1330 Itaque
484 1276 771 1329 perscrutamini
796 1276 946 1327 penitus
964 1282 1140 1312 naturam
1160 1286 1221 1311 ra-

112 1332 331 1383 tionemque
350 1332 578 1370 criminum:
606 1332 688 1380 jam
707 1330 804 1368 nihil
822 1336 957 1380 praeter
978 1340 1098 1379 spem,
1124 1326 1222 1365 nihil

110 1392 246 1437 praeter
264 1393 442 1425 terrorem
460 1398 503 1425 ac
521 1384 659 1433 minas,
678 1383 879 1435 reperietis.
910 1381 932 1404 ³*
963 1381 985 1402 ’ἓ
1015 1380 1037 1402 *

385 1475 526 1512 Deesse
544 1473 724 1510 videntur
742 1472 938 1509 nonnulla.

165 1546 242 1585 IX.
273 1547 321 1585 In
340 1547 469 1585 aerario
487 1547 584 1584 1111111
602 1547 743 1584 habent
762 1545 942 1592 civitates,
963 1543 1088 1582 nihil
1077 1556 1117 1582 111
1136 1556 1221 1582 vec-

109 1600 301 1651 tigalibus.
330 1600 432 1638 Duae
463 1600 624 1638 rationes
660 1599 899 1638 conficiendae
930 1598 1114 1649 pecuniae,
1146 1604 1215 1635 aut

116 1667 282 1701 versura,
296 1661 364 1691 aut
383 1654 548 1692 tiibuto:
579 1666 648 1691 nec
668 1653 807 1691 tabulae
822 1652 1012 1690 creditoris
1025 1650 1224 1702 proferun-

112 1714 189 1754 tur,
210 1719 277 1745 nec
302 1707 434 1745 tn'buti
461 1706 643 1745 confectio
662 1707 741 1744 ulla
761 1705 947 1743 recitatur.
982 1704 1113 1752 Quam
1133 1716 1221 1741 vero

113 1760 222 1798 facile
240 1760 353 1798 falsas
373 1760 533 1798 rationes
551 1759 702 1808 inferre,
719 1767 755 1798 et
769 1759 807 1796 in
823 1759 986 1805 tabulas,
1007 1757 1219 1816 quodcum:-

113 1826 187 1864 que
205 1814 449 1852 commodum
463 1821 532 1861 est,
549 1813 685 1851 referre
704 1813 860 1859 soleant,
882 1825 928 1849 ex
948 1811 1020 1849 Cn.
1042 1809 1218 1870 Pompeii

110 1866 226 1904 literis
245 1866 292 1904 ad
305 1867 535 1918 Hypsaeum,
549 1874 585 1905 et
600 1866 639 1904 H
644 1879 761 1917 ypsai
774 1865 824 1903 ad
835 1864 1065 1916 Pompeium
1076 1862 1215 1911 missis,

112 1932 254 1971 quaeso,
273 1921 493 1971 cognoscite.

335 2008 495 2051 (Literae
514 2009 708 2058 Pompeii,
728 2011 764 2044 et
783 2006 981 2056 Hypsaei.)

168 2080 315 2119 Satisne
332 2080 438 2119 vobis
455 2093 655 2131 coarguere
675 2080 735 2118 his
753 2078 968 2117 auctoribus
993 2076 1216 2115 dissolutam

116 2132 337 2171 Graecorum
354 2134 664 2172 consuetudinem
675 2133 944 2180 licentiamque
953 2129 1217 2188 impudentem

117 2185 321 2225 videmur?
349 2186 423 2225 nisi
442 2186 552 2235 forte,
572 2186 641 2238 qui
665 2186 738 2226 Cn.
763 2184 1008 2235 Pompeium,
1033 2194 1102 2234 qui
1123 2192 1221 2232 prae-
