1425 2334
330 96 442 136 PRO
471 96 694 136 SEXTIO.
725 96 828 137 Cn.
858 101 921 136 55.
1097 99 1172 137 311

74 206 136 245 cui
153 205 280 257 generi
303 204 458 251 civium,
485 205 652 242 maxime
674 205 927 256 applaudatur
940 206 958 242 Ρ
986 205 1177 244 neminem

74 261 238 298 vestrum
257 258 366 296 fallit.
397 258 455 296 sit
479 257 549 296 hoc
569 270 657 295 sane
675 259 781 303 leve;
811 258 913 310 quod
933 271 1007 297 non
1038 259 1091 297 ita
1109 269 1177 306 est,

72 312 253 364 quoniam
272 311 415 362 optimo
433 311 569 362 cuique
587 311 802 362 impertitur
818 326 828 349 ε
860 312 938 359 sed,
959 312 989 350 si
1009 321 1063 350 est
1080 314 1176 358 leve,

70 365 217 405 homini
235 365 340 415 gravi
358 366 440 402 leve
465 371 546 402 est:
578 365 611 402 ei
636 377 737 413 vero,
764 365 831 415 qui
853 365 993 416 pendet
1021 379 1044 403 a
1067 367 1179 404 rebus

70 418 281 466 levissimis,
301 419 368 469 qui
391 431 555 462 rumore..
576 425 612 456 et
632 421 691 460 (ut
709 418 782 469 ipsi
807 419 1032 469 loquuntur)
1052 420 1179 457 favore

69 472 203 524 populi
226 479 374 510 tenetur
392 479 428 509 et
447 471 611 519 ducitur,
631 472 810 522 plausum
837 472 1177 520 immortalitatem,

69 526 224 564 sibilum
242 532 419 572 mortem,
439 524 557 562 videri
575 536 721 563 necesse
740 532 806 563 est.

124 578 189 617 Ex
208 586 245 617 te
258 579 389 629 igitur,
405 580 558 625 Smnre,
574 578 815 629 potissimum
830 591 972 630 quaero,
989 579 1056 630 qui
1070 578 1181 616 ludos

71 632 376 683 apparatissimos
404 631 871 684 magnificentissimosque
893 632 982 671 fecis
984 633 1028 680 ti,
1053 633 1180 683 ecquis

70 685 231 723 istorum
256 697 331 736 pop
333 685 499 722 ularium
529 692 613 723 tuos
641 685 751 723 ludos
782 686 1022 736 adspexerit3
1053 685 1181 736 ecquis

72 751 111 777 se
129 738 273 776 theatro
290 739 508 790 populoque
534 738 711 776 Romano
738 739 978 777 commiserit.
1010 739 1098 790 Ipse
1116 739 1181 776 ille

74 791 283 843 [maxime]
304 791 446 838 ludius,
462 803 538 829 non
557 791 681 829 solum
700 800 897 843 spectator,
914 792 978 830 sed
997 800 1126 831 auctor
1145 800 1182 830 et

72 858 260 892 acroama,
290 845 357 895 qui
384 845 513 883 omnia
545 845 679 883 sororis
709 846 872 884 embolia
895 846 1013 893 novit,
1045 846 1112 896 qui
1141 845 1180 882 in

71 905 211 938 coetum
240 898 447 935 mulierum
476 911 544 949 pro
576 897 731 948 psaltria
759 899 972 944 adducitur„
1003 911 1072 936 nec
1097 906 1182 936 tuos

73 951 185 991 ludos
213 950 386 1002 adspexit
417 951 456 988 in
490 951 557 989 illo
592 951 740 989 ardenti
771 953 967 990 tribunatu
998 965 1080 998 suo,
1114 964 1182 989 nce

72 1005 173 1043 ullos
191 1005 298 1052 alios,
319 1004 391 1042 nisi
420 1015 496 1050 eos,
517 1017 540 1041 a
557 1004 697 1054 quibus
721 1005 786 1043 vix
809 1005 916 1044 vivus
941 1005 1084 1055 effugit.
1115 1005 1183 1043 Se-

73 1059 167 1106 mel,
187 1058 361 1108 inquam,
374 1070 413 1096 se
430 1056 531 1095 ludis
549 1057 665 1094 homo
682 1059 876 1108 popularis
895 1058 1083 1096 commisit
1100 1070 1182 1095 om-

75 1111 181 1160 nino,
202 1123 304 1158 cum,
327 1110 367 1148 in
397 1110 540 1161 templo
564 1110 742 1158 Virtutis,
769 1111 887 1150 honos
915 1111 1067 1149 habitus
1089 1118 1183 1149 esset

76 1164 220 1212 virtuti,
252 1164 412 1215 Caiique
432 1163 564 1211 Marii,
592 1164 858 1202 conservatoris
882 1164 998 1213 hujus
1016 1164 1181 1215 imperii,

74 1218 354 1257 monimentum
379 1216 564 1268 municipi
587 1219 668 1266 ejus
693 1225 730 1256 et
754 1218 969 1269 reipublicae
997 1217 1182 1255 defensori

75 1271 202 1311 sedem
221 1271 270 1309 ad
288 1270 448 1308 salutem
468 1270 701 1321 praebuisset.

128 1325 218 1363 LV.
247 1324 339 1371 Quo
356 1324 512 1375 quidem
532 1331 713 1375 tempore,
740 1324 834 1375 quid
851 1324 1017 1376 populus
1036 1324 1182 1362 Roma-

74 1391 148 1418 nus
166 1377 302 1416 sentire
323 1390 361 1415 se
379 1377 595 1425 ostenderit,
621 1384 783 1428 utroque
805 1378 843 1414 in
864 1390 1000 1428 genere
1017 1377 1183 1415 declara-

74 1439 159 1471 tum
179 1438 260 1470 est:
290 1430 428 1482 primo,
444 1443 547 1477 cum,
564 1430 693 1469 audito
707 1434 872 1470 senatus-
875 1431 1058 1478 consulto,
1078 1429 1180 1482 [ore]

75 1486 165 1537 ipsi,
184 1491 299 1545 atque
317 1485 462 1522 absenti
487 1483 648 1532 senatui,
677 1484 834 1535 plausus
856 1492 911 1523 est
928 1486 977 1523 ab
999 1484 1183 1522 universis

75 1539 212 1583 datus;
240 1536 390 1585 deinde,
419 1549 507 1575 curn
533 1538 767 1576 senatoribus
793 1538 951 1589 singulis
973 1544 1182 1589 spectatum

79 1605 100 1631 e
118 1597 249 1631 senatu
263 1590 519 1628 redeuntibus.
550 1591 653 1629 Cum
679 1604 767 1629 vero
792 1592 886 1642 ipse,
907 1591 974 1642 qui
998 1591 1109 1629 ludos
1127 1590 1184 1628 fa-

76 1645 212 1691 ciebat,
244 1645 375 1682 consul
408 1644 557 1691 assedit,
592 1652 748 1691 stantes,
781 1653 818 1683 et
849 1645 1026 1683 manibus
1065 1644 1183 1694 passis

76 1697 216 1750 gratias
245 1705 410 1748 agenteS,
441 1704 479 1735 et
506 1698 756 1748 Lacrymantes
778 1699 931 1749 gaudio,
960 1710 1069 1736 suam
1096 1709 1184 1747 erga

77 1764 141 1790 me
158 1750 458 1790 benevolentiam
471 1763 515 1788 ac
532 1751 825 1789 misericordiam
839 1751 1089 1790 declararunt.
1109 1750 1182 1795 At,

79 1817 168 1845 cum
186 1804 251 1841 ine
267 1802 510 1851 furibundus,
530 1802 684 1842 incitata
701 1804 768 1843 illa
787 1805 856 1843 sua
874 1804 1022 1843 vecordi
1040 1810 1181 1849 mente,

79 1858 269 1901 venisset3
299 1856 364 1894 vix
383 1869 421 1894 se
438 1858 603 1908 populus
623 1858 824 1896 Romanus
845 1858 990 1896 tenuit:
1021 1857 1086 1895 vix
1115 1855 1183 1893 ho-

77 1913 200 1951 mines
218 1910 349 1947 odium
369 1921 482 1948 suum
501 1923 524 1947 a
542 1923 694 1961 corpore
712 1912 794 1960 ejus
822 1911 974 1962 impuro
993 1916 1106 1960 atque
1124 1909 1183 1946 in-

78 1964 195 2007 fando
208 1970 472 2014 represserunt.
501 1963 624 2002 Voces
643 1964 814 2015 quidem,
835 1971 872 2002 et
889 1964 1105 2014 palmarum
1125 1962 1183 1999 in-

80 2026 220 2066 tentus,
241 2024 277 2054 et
305 2016 592 2054 maledictorum
610 2017 828 2065 clamorem,
849 2029 980 2055 omnes
1004 2015 1183 2066 profude-

76 2080 177 2113 runt·

134 2124 209 2166 Sed
237 2123 329 2174 quid
355 2136 425 2174 ego
443 2124 575 2174 populi
598 2124 765 2162 Romani
783 2124 955 2162 animum
986 2122 1175 2160 virtutem-

78 2193 153 2234 que
171 2189 438 2223 commem010‚
469 2177 677 2216 libertatem
699 2179 779 2226 jam
800 2190 846 2214 ex
870 2175 1051 2213 diuturna
1070 2175 1182 2213 servi-
