1435 2328
191 65 244 102 36
448 61 563 102 PRO
592 61 828 102 FLACCO.
858 61 964 102 cru».
984 63 1050 108 37.

189 171 281 209 dore
299 169 381 208 vir!
421 169 500 221 qu'a
524 169 624 209 fide!
665 170 743 222 qu⁶a
768 170 969 221 religione!
1008 169 1242 220 obsignator
1260 169 1306 208 C.

192 223 389 273 Sextilius,
410 222 597 262 Lurconis
616 224 752 262 sororis
771 224 886 272 filius,
903 224 1018 262 homo
1037 231 1074 262 et
1092 223 1253 275 pudens,
1274 231 1313 261 et

190 285 380 325 constans,
401 284 438 315 et
456 278 591 328 gravis.
622 277 663 316 Si
682 278 737 315 vis
756 285 848 325 erat,
875 278 905 316 si
924 277 1043 324 fraus,
1064 278 1095 316 si
1113 284 1252 322 metus,
1280 276 1311 314 si

191 331 486 382 circumscriptio
500 344 511 376 ;
533 332 618 382 quis
631 331 844 382 pactionem
858 331 951 378 fieri,
969 331 1054 382 quis
1068 331 1196 369 adesse
1206 331 1310 376 istos,

193 385 347 435 coegit?
377 384 499 432 Quid,
523 385 554 422 si
579 386 650 423 ista
668 386 792 423 omnis
811 385 971 436 pecunia
990 385 1079 422 huic
1098 385 1312 422 adolescen-

195 439 291 486 tulo,
319 439 366 476 L.
388 439 537 485 Flacco,
559 439 704 476 reddita
730 439 813 477 est?
843 440 873 476 si
898 439 1047 490 petita?
1076 438 1107 476 si
1128 438 1278 475 redacta
1292 439 1310 475 ἲ

196 493 227 531 si
245 505 312 543 per
332 492 435 530 hunc
454 492 707 535 Antiochum,
732 501 934 544 paternum
958 493 1075 541 hujus
1100 491 1315 529 adolescen-

194 546 242 583 tis
271 545 466 592 libertum,
495 546 574 583 seni
602 547 658 583 illi
685 546 820 584 Flacco
845 545 1183 597 probatissimum?
1211 545 1315 582 vide-

194 612 332 637 murne
352 611 427 637 non
444 600 565 637 solum
583 600 749 637 avaritiae
768 600 910 638 crimen
927 600 1105 650 effugere,
1122 598 1186 636 sed
1199 598 1312 636 etiam

195 653 431 691 liberalitatis
442 653 596 690 laudem
608 654 755 704 assequi
771 652 1001 703 singularem
1016 655 1033 691 Ρ
1058 653 1315 690 Communem

200 707 303 745 enim
322 706 596 753 haereditatem,
618 721 705 757 quae
730 707 924 757 aequaliter
939 707 987 744 ad
1005 714 1214 757 utrumque
1232 706 1316 756 lege

198 760 373 806 venisset,
401 760 580 797 concessit
598 760 836 807 adolescenti,
858 760 1073 810 propinquo
1093 772 1161 797 suo
1174 774 1185 796 ε
1220 758 1314 796 nihil

197 814 278 864 ipse
285 813 411 863 attigit
425 813 471 850 de
482 813 695 851 Valerianis
704 814 823 851 bonis.
855 813 972 860 Quod
987 820 1167 850 statuerat
1179 813 1315 857 facere,

198 867 384 904 adductus
398 867 516 915 hujus
528 867 687 916 pudore,
705 875 740 904 et
752 879 827 904 non
841 867 1083 916 amplissimis
1097 865 1318 917 patrimonii

199 920 330 971 copiis,
342 920 382 957 id
401 933 478 958 non
497 921 620 958 solum
640 920 741 966 fecit,
763 920 827 958 sed
846 921 960 958 etiam
979 920 1126 971 prolixe
1144 920 1317 958 cumula-

198 981 312 1024 teque
330 973 428 1011 fecit.
459 973 524 1011 Ex
545 986 621 1024 quo
639 974 801 1024 intelligi
819 974 943 1019 debet,
961 987 1050 1011 eum
1069 981 1198 1012 contra
1215 973 1317 1024 leges

198 1027 378 1078 pecunias
408 1040 485 1065 non
515 1027 668 1078 cepisse,
698 1028 766 1079 qui
795 1035 876 1066 tam
901 1027 1015 1065 fuerit
1033 1027 1073 1065 in
1100 1027 1318 1065 haereditate

198 1081 436 1119 concedenda
454 1081 631 1119 liberalis.

254 1135 314 1172 At
332 1134 598 1172 Falcidianum
621 1135 761 1173 crimen
787 1143 841 1174 est
859 1136 1014 1186 ingens:
1047 1135 1188 1173 talenta
1207 1134 1320 1185 quin-

201 1188 386 1238 quaginta
397 1202 435 1226 se
448 1189 584 1237 Flacco
596 1188 686 1226 dicit
699 1189 854 1227 dedisse.
875 1190 1094 1227 Audiamus
1108 1188 1317 1226 hominem.

199 1241 294 1279 Non
314 1241 429 1280 adest.
460 1242 665 1289 Quomodo
684 1243 801 1293 igitur
813 1243 934 1281 dicit?
964 1243 1179 1293 Epistolam
1197 1249 1320 1280 mater

199 1295 281 1344 ejus
295 1295 451 1345 profert,
473 1304 509 1333 et
523 1296 681 1333 alteram
701 1309 828 1334 soror:
859 1297 1043 1347 scriptum
1062 1295 1111 1333 ad
1130 1309 1168 1334 se
1186 1295 1320 1333 dicunt

199 1361 278 1386 esse
297 1350 344 1386 ab
360 1348 440 1396 illo,
454 1356 599 1387 tantam
615 1350 815 1400 pecuniam
830 1350 966 1388 Flacco
981 1350 1122 1388 datam.
1152 1349 1258 1400 Ergo
1273 1349 1318 1396 is,

202 1401 279 1449 cui,
297 1401 327 1439 si
339 1414 445 1440 aram
460 1410 590 1440 tenens
602 1404 760 1452 juraret,
778 1404 941 1442 crederet
960 1416 1086 1450 nemO,
1103 1416 1170 1454 per
1185 1403 1322 1454 episto-

199 1455 295 1502 lam,
322 1456 424 1506 quod
451 1457 563 1502 volet,
587 1456 774 1505 injuratus
806 1457 1012 1509 probabit?
1052 1459 1111 1494 At
1141 1457 1208 1508 qui
1235 1456 1320 1494 vir?

200 1522 319 1560 quam
331 1521 406 1546 non
419 1510 563 1548 amicus
577 1510 652 1548 suis
665 1510 809 1549 civibus
826 1512 834 1549 !
863 1512 930 1562 qui
941 1510 1216 1562 patrimonium
1231 1509 1320 1548 satis

198 1563 365 1609 lautum,
386 1564 489 1614 quod
507 1564 572 1601 hic
591 1564 787 1602 nobiscum
808 1565 988 1603 conficere
1006 1564 1145 1615 potuit,
1168 1564 1321 1601 Graeco-

199 1629 288 1653 rum
311 1617 490 1655 conviviis
518 1618 656 1655 maluit
678 1618 868 1669 dissipare.
900 1618 1008 1666 Quid
1027 1617 1181 1656 attinuit
1206 1617 1320 1655 relin-

201 1682 316 1720 quere
338 1670 438 1708 hanc
464 1671 625 1709 urbem?
661 1672 833 1710 libertate
858 1680 936 1710 tam
963 1670 1142 1723 praeclara
1163 1684 1287 1709 carere
1301 1673 1319 1709 Ρ

200 1723 303 1761 adire
317 1724 530 1774 periculum
545 1724 782 1775 navigandi?
812 1726 922 1776 quasi
940 1727 1041 1763 bona
1059 1737 1223 1763 comesse
1238 1725 1321 1762 Ro-

199 1789 275 1814 mae
289 1790 365 1815 non
377 1778 515 1816 liceret.
541 1779 580 1816 N
585 1791 659 1817 unc
671 1779 834 1840 denique
846 1779 1063 1817 materculae
1074 1792 1152 1816 suae
1163 1778 1321 1817 festivus

201 1829 318 1877 filius,
338 1832 498 1869 aniculae
515 1832 675 1870 minime
697 1833 922 1883 suspiciosae,
938 1840 1079 1884 purgat
1101 1846 1139 1870 se
1157 1845 1225 1883 per
1243 1831 1323 1883 epi-

202 1884 355 1946 stolam,
368 1892 412 1922 ut
425 1899 506 1923 eam
520 1886 734 1936 pecuniam
745 1900 795 1937 qu
801 1899 911 1924 acum
924 1888 1132 1936 trajecerat,
1146 1898 1223 1924 non
1235 1897 1324 1924 con-

195 1938 398 1983 sumsisse,
419 1940 483 1977 sed
502 1940 639 1978 Flacco
659 1940 817 1987 dedisse,
838 1940 1021 1978 videatur.

258 1991 485 2030 XXXVII.
516 1994 574 2030 At
592 1993 737 2031 fructus
755 1994 817 2031 isti
837 1994 1136 2041 Trallianorum,
1154 1992 1323 2032 Globulo

199 2052 378 2095 ,praetore,
399 2046 621 2085 venierunt:
654 2047 847 2086 Falcidius
867 2055 1009 2086 emerat
1032 2048 1103 2086 HS
1123 2047 1325 2098 nongentis

206 2097 391 2136 millibus.
422 2100 463 2138 Si
478 2100 543 2138 dat
561 2107 707 2138 tantam
722 2101 923 2152 pecuniam
938 2102 1089 2148 Flacco,
1110 2113 1247 2152 nempe
1265 2099 1324 2137 id-

200 2150 301 2191 circo
319 2152 398 2204 dat,
413 2161 458 2192 ut
469 2162 551 2193 rata
569 2154 618 2194 sit
636 2155 764 2194 emtio.
793 2155 926 2194 Emit
915 2155 1032 2207 lgitur
1045 2154 1206 2207 aliquid,
1219 2153 1325 2206 quod
