1455 2343
279 114 356 148 2ἔέ0
545 109 656 148 PRO
686 109 912 149 SEXTIO.
943 110 1048 149 CAP-
1069 110 1133 148 31.

266 220 349 267 jam
369 230 444 256 non
469 226 548 256 erat
570 218 683 257 alicui
706 218 915 257 destinatus
931 220 949 256 ?
989 218 1112 267 Cujus
1143 216 1284 268 negotii
1315 230 1388 268 pu-

272 272 360 310 blici
383 272 552 324 cogitari,
576 272 712 323 optari,
739 272 851 322 fingi,
871 272 1016 310 curatio
1040 271 1180 322 potuit,
1201 283 1288 322 quae
1312 283 1387 309 non

270 333 364 364 esset
383 327 565 364 attributa
583 334 696 377 atque
715 325 932 376 descripta?
961 325 1064 377 quod
1083 337 1203 376 genus
1221 324 1387 375 imperii,

270 387 337 418 aut
356 394 443 432 quae
461 380 668 432 provincia,
685 393 772 431 quae
790 379 885 417 ratio
903 379 1118 417 auferendae
1137 386 1204 417 aut
1222 378 1391 417 conflan-

270 433 330 472 dae
348 434 531 485 pecuniae,
552 446 628 471 non
647 433 932 484 reperiebatur?
961 447 1048 484 quae
1059 432 1176 483 regio,
1192 445 1304 471 orave
1317 439 1391 470 ter-

273 501 404 526 rarum
423 496 502 526 erat
518 487 643 535 latior,
663 488 704 524 in
723 486 799 537 qua
810 499 885 524 non
897 500 1060 538 regnum
1078 486 1234 538 aliquod
1252 493 1392 524 statue-

269 543 403 580 retur?
434 541 519 592 quis
538 548 668 578 autem
686 553 768 587 rex,
789 541 856 591 qui
875 541 942 579 illo
961 553 1062 578 anno
1079 552 1156 578 non
1175 548 1243 578 aut
1261 552 1391 578 emen-

268 595 364 633 dum
383 595 468 642 sibi,
489 594 592 646 quod
611 606 688 632 non
707 593 886 642 habebat,
906 603 973 632 aut
985 593 1266 641 redimendum,
1287 593 1390 645 quod

268 649 445 695 habebat,
471 648 744 686 arbitraretur?
782 648 868 699 quis
892 648 1141 699 provinciam,
1168 647 1254 699 quis
1276 659 1390 698 pecu-

271 703 392 749 niam,
413 703 499 753 quis
513 702 759 753 legationem,
773 704 820 740 ab
833 709 965 741 senatu
977 703 1129 754 petebat
1139 702 1158 738 P
1187 701 1393 739 Damnatis

268 757 315 794 de
333 757 385 801 vi,
406 755 608 804 restitutio,
638 757 855 794 consulatus
874 755 1006 808 petitio
1031 755 1106 807 ipsi
1130 755 1188 793 illi
1212 755 1389 806 populari

265 810 462 858 sacerdoti,
478 811 782 862 comparabatur.
813 810 910 848 Haec
925 811 1129 861 gemebant
1140 809 1245 856 boni,
1263 821 1389 860 spera-

268 866 361 902 bant
378 864 558 916 improbi,
579 866 716 915 agebat
733 864 911 902 tribunus
929 863 1066 916 plebis,
1088 864 1260 902 consules
1279 862 1390 912 adju-

270 920 421 956 vabant.
436 937 439 939 ·

322 971 484 1010 XXXI.
516 972 610 1020 Hic,
640 972 837 1023 aliquanto
866 971 984 1011 serius
1013 985 1131 1023 quam
1158 971 1240 1022 ipse
1262 970 1388 1016 vellet,

268 1025 340 1064 Cn.
363 1026 572 1077 Pompeius
598 1026 850 1069 (invitissimis
875 1025 935 1074 iis,
963 1026 1031 1077 qui
1054 1031 1226 1064 mentem
1253 1024 1388 1076 optimi

265 1093 308 1118 ac
327 1078 522 1123 fortissimi
541 1078 625 1128 viri,
653 1079 731 1117 suis
751 1079 916 1118 consiliis
936 1079 1109 1131 fictisque
1127 1078 1346 1126 terroribus,
1367 1092 1390 1116 a

268 1133 486 1172 defensione
515 1146 611 1171 meae
641 1133 773 1171 salutis
802 1140 1032 1181 averterant)
1069 1133 1246 1172 excitavit
1281 1132 1389 1170 illam

269 1200 393 1236 suam,
410 1199 486 1225 non
498 1187 676 1238 sopitam,
692 1187 758 1225 sed
770 1187 982 1239 suspicione
1000 1187 1131 1239 aliqua
1144 1185 1388 1234 retardatam,

271 1240 586 1279 consuetudinem
604 1241 657 1279 rei
680 1241 845 1292 publicae
867 1243 964 1280 bene
981 1241 1170 1292 gerendae.
1209 1241 1303 1279 Non
1335 1247 1391 1278 est

269 1308 402 1346 passus
419 1295 485 1332 ille
503 1295 560 1333 vir
586 1295 671 1346 (qui
696 1295 1002 1334 sceleratissimos
1025 1295 1138 1343 cives,
1162 1294 1231 1346 qui
1255 1294 1394 1332 acerri-

270 1361 353 1386 mos
381 1348 520 1395 hostes,
551 1348 622 1399 qui
651 1349 841 1387 maximas
868 1349 1052 1396 nationes,
1082 1348 1151 1400 qui
1178 1360 1298 1399 regeS..
1322 1348 1391 1399 qui

268 1408 399 1452 gentes
417 1402 514 1440 feras
527 1409 642 1452 atque
654 1402 857 1450 inauditas,
871 1403 939 1454 qui
956 1402 1182 1454 praedonum
1199 1401 1390 1439 infinitam

269 1468 444 1503 manum,
462 1455 530 1506 qui
542 1456 656 1493 etiam
676 1456 841 1505 servitia,
858 1457 997 1495 virtute
1009 1454 1240 1508 victoriaque
1254 1455 1392 1493 domu-

269 1509 357 1547 isset
373 1523 384 1554 ς
416 1509 497 1560 qui,
518 1509 697 1548 omnibus
715 1510 824 1548 bellis
843 1510 942 1548 terra
960 1510 1134 1561 marique
1151 1509 1390 1560 compressis,

271 1563 476 1614 imperium
495 1563 629 1614 populi
644 1564 813 1602 Romani
825 1564 925 1602 orbis
940 1570 1123 1602 terrarum
1140 1563 1313 1602 terminis
1325 1563 1392 1601 de·-

269 1618 430 1663 finisset)
447 1617 723 1668 rempublicam
736 1618 851 1656 everti
863 1619 998 1656 scelere
1012 1630 1222 1669 paucorum
1237 1631 1249 1662 ς
1271 1629 1390 1669 quam

271 1671 351 1722 ipse
362 1683 438 1708 non
453 1671 577 1709 solum
592 1671 770 1720 consiliis,
791 1672 855 1710 sed
868 1672 983 1710 etiam
995 1671 1180 1722 sanguine
1192 1685 1274 1718 suo,
1290 1683 1390 1722 saepe

273 1724 464 1763 servasset.
494 1725 666 1763 Accessit
684 1726 732 1763 ad
744 1738 897 1764 causam
915 1726 1135 1777 publicam:
1157 1725 1292 1764 restitit
1302 1737 1391 1763 auc-

271 1778 420 1816 toritate
440 1778 509 1816 sua
529 1779 682 1830 reliquis
702 1782 838 1818 rebus:
864 1779 910 1818 de
928 1779 1127 1831 praeteritis
1146 1785 1302 1830 questus
1322 1785 1388 1817 est.

270 1832 374 1870 Fieri
393 1831 568 1883 quaedam
590 1833 638 1870 ad
657 1833 853 1871 meliorem
873 1847 979 1884 spem
998 1833 1192 1872 inclinatio
1205 1832 1287 1871 visa
1305 1839 1372 1870 est.

325 1885 505 1924 Decrevit
524 1893 675 1923 senatus
694 1886 872 1937 frequens
884 1888 931 1925 de
949 1901 1035 1925 meo
1053 1887 1192 1935 reditu,
1212 1885 1390 1924 Calendis

272 1940 419 1983 Juniis,
440 1939 684 1978 dissentiente
696 1942 817 1989 nullo,
833 1941 1016 1979 referente
1035 1941 1084 1978 L.
1099 1940 1263 1988 Ninnio,
1280 1940 1390 1990 cujus

273 1995 315 2033 in
337 1996 422 2031 rme-{1
446 1994 559 2031 eausa
585 2006 784 2044 nunquam
811 1995 903 2033 fides
933 1995 1129 2045 virtusque
1150 1993 1390 2032 contremuit,

274 2047 489 2086 intercessit
508 2047 629 2097 Ligus
649 2048 732 2091 ism,
754 2049 876 2087 nescio
895 2050 975 2101 qui,
1005 2048 1310 2086 additamentum
1332 2047 1392 2084 in-

272 2102 472 2139 {micorum
493 2114 678 2139 meorum.
713 2103 790 2140 Res
810 2111 889 2141 erat
908 2110 945 2141 et
969 2115 1083 2140 causa
1099 2109 1228 2140 nostra
1250 2114 1294 2139 eo
1309 2102 1391 2150 jam

272 2155 359 2193 loci,
383 2164 423 2192 ut
445 2154 584 2204 erigere
604 2155 746 2202 oeulos,
768 2164 804 2193 et
824 2157 961 2203 vivere,
975 2156 1174 2195 videretur.
1196 2154 1392 2206 'Quisquis

277 2221 367 2246 crat.
391 2210 456 2258 qui
484 2208 650 2259 aliquam
679 2217 824 2260 partem
850 2211 887 2248 in
908 2223 994 2247 meo
1013 2210 1118 2248 luctu
1140 2209 1286 2247 sceleris
1306 2208 1395 2246 Clo-
