<?xml version="1.0" encoding="UTF-8"?>
<!DOCTYPE html PUBLIC "-//W3C//DTD XHTML 1.0 Transitional//EN"
    "http://www.w3.org/TR/xhtml1/DTD/xhtml1-transitional.dtd">
<html xmlns="http://www.w3.org/1999/xhtml" xml:lang="en" lang="en">
 <head>
  <title>
</title>
<meta http-equiv="Content-Type" content="text/html;charset=utf-8" />
  <meta name='ocr-system' content='tesseract 3.04.00' />
  <meta name='ocr-capabilities' content='ocr_page ocr_carea ocr_par ocr_line ocrx_word'/>
</head>
<body>
  <div class='ocr_page' id='page_1' title='image "./operaern07ciceuoft_0350.png"; bbox 0 0 1455 2343; ppageno 0'>
   <div class='ocr_carea' id='block_1_1' title="bbox 227 88 1098 129">
    <p class='ocr_par' dir='ltr' id='par_1_1' title="bbox 227 88 1098 129">
     <span class='ocr_line' id='line_1_1' title="bbox 227 88 1098 129; baseline 0 -2"><span class='ocrx_word' id='word_1_1' title='bbox 227 89 308 127; x_wconf 77' lang='lat'>336</span> <span class='ocrx_word' id='word_1_2' title='bbox 472 89 536 128; x_wconf 93' lang='lat' dir='ltr'>IN</span> <span class='ocrx_word' id='word_1_3' title='bbox 559 88 877 128; x_wconf 88' lang='lat' dir='ltr'><strong>VATINIUM.</strong></span> <span class='ocrx_word' id='word_1_4' title='bbox 908 90 1013 129; x_wconf 76' lang='lat' dir='ltr'><strong>CAP.</strong></span> <span class='ocrx_word' id='word_1_5' title='bbox 1036 90 1098 128; x_wconf 90' lang='lat' dir='ltr'>ll.</span> 
     </span>
    </p>
   </div>
   <div class='ocr_carea' id='block_1_2' title="bbox 181 195 1342 2233">
    <p class='ocr_par' dir='ltr' id='par_1_2' title="bbox 181 195 1342 2070">
     <span class='ocr_line' id='line_1_2' title="bbox 228 195 1337 247; baseline 0.001 -14"><span class='ocrx_word' id='word_1_6' title='bbox 228 195 316 234; x_wconf 85' lang='lat' dir='ltr'>tatis</span> <span class='ocrx_word' id='word_1_7' title='bbox 327 196 532 247; x_wconf 88' lang='lat' dir='ltr'>producere</span> <span class='ocrx_word' id='word_1_8' title='bbox 547 204 820 236; x_wconf 85' lang='lat' dir='ltr'>consueverunt</span> <span class='ocrx_word' id='word_1_9' title='bbox 833 211 844 243; x_wconf 88' lang='lat'>;</span> <span class='ocrx_word' id='word_1_10' title='bbox 865 197 919 235; x_wconf 92' lang='lat' dir='ltr'>ibi</span> <span class='ocrx_word' id='word_1_11' title='bbox 933 204 975 235; x_wconf 88' lang='lat' dir='ltr'>tu</span> <span class='ocrx_word' id='word_1_12' title='bbox 987 196 1150 235; x_wconf 90' lang='lat' dir='ltr'>indicem</span> <span class='ocrx_word' id='word_1_13' title='bbox 1161 196 1337 236; x_wconf 89' lang='lat' dir='ltr'>Vettium</span> 
     </span>
     <span class='ocr_line' id='line_1_3' title="bbox 228 250 1338 302; baseline 0.002 -16"><span class='ocrx_word' id='word_1_14' title='bbox 228 250 402 300; x_wconf 85' lang='lat' dir='ltr'>linguam</span> <span class='ocrx_word' id='word_1_15' title='bbox 423 260 459 289; x_wconf 92' lang='lat' dir='ltr'>et</span> <span class='ocrx_word' id='word_1_16' title='bbox 477 264 607 289; x_wconf 84' lang='lat' dir='ltr'>vocem</span> <span class='ocrx_word' id='word_1_17' title='bbox 627 264 736 289; x_wconf 88' lang='lat' dir='ltr'>suam</span> <span class='ocrx_word' id='word_1_18' title='bbox 756 251 884 289; x_wconf 79' lang='lat' dir='ltr'>sceleri</span> <span class='ocrx_word' id='word_1_19' title='bbox 896 258 933 289; x_wconf 90' lang='lat' dir='ltr'>et</span> <span class='ocrx_word' id='word_1_20' title='bbox 945 251 1065 288; x_wconf 88' lang='lat' dir='ltr'>menti</span> <span class='ocrx_word' id='word_1_21' title='bbox 1083 258 1158 288; x_wconf 89' lang='lat' dir='ltr'>tuae</span> <span class='ocrx_word' id='word_1_22' title='bbox 1171 252 1338 302; x_wconf 88' lang='lat' dir='ltr'>praebere</span> 
     </span>
     <span class='ocr_line' id='line_1_4' title="bbox 228 303 1338 356; baseline 0.001 -16"><span class='ocrx_word' id='word_1_23' title='bbox 228 304 395 351; x_wconf 84' lang='lat' dir='ltr'>voluisti,</span> <span class='ocrx_word' id='word_1_24' title='bbox 416 314 460 342; x_wconf 87' lang='lat' dir='ltr'>ut</span> <span class='ocrx_word' id='word_1_25' title='bbox 474 305 611 342; x_wconf 87' lang='lat' dir='ltr'>diceret</span> <span class='ocrx_word' id='word_1_26' title='bbox 633 303 701 353; x_wconf 88' lang='lat' dir='ltr'>[L.</span> <span class='ocrx_word' id='word_1_27' title='bbox 722 305 896 356; x_wconf 85' lang='lat' dir='ltr'>Vettius]</span> <span class='ocrx_word' id='word_1_28' title='bbox 917 305 957 341; x_wconf 93' lang='lat' dir='ltr'>in</span> <span class='ocrx_word' id='word_1_29' title='bbox 976 304 1151 342; x_wconf 87' lang='lat' dir='ltr'>concione</span> <span class='ocrx_word' id='word_1_30' title='bbox 1175 305 1256 351; x_wconf 64' lang='lat' dir='ltr'>tua,</span> <span class='ocrx_word' id='word_1_31' title='bbox 1277 316 1338 341; x_wconf 90' lang='lat' dir='ltr'>ro-</span> 
     </span>
     <span class='ocr_line' id='line_1_5' title="bbox 228 357 1338 408; baseline 0 -14"><span class='ocrx_word' id='word_1_32' title='bbox 228 365 339 407; x_wconf 89' lang='lat' dir='ltr'>gatus</span> <span class='ocrx_word' id='word_1_33' title='bbox 358 371 381 395; x_wconf 89' lang='lat' dir='ltr'>a</span> <span class='ocrx_word' id='word_1_34' title='bbox 395 365 444 403; x_wconf 81' lang='lat' dir='ltr'>te,</span> <span class='ocrx_word' id='word_1_35' title='bbox 467 372 504 396; x_wconf 91' lang='lat' dir='ltr'>se</span> <span class='ocrx_word' id='word_1_36' title='bbox 516 366 684 396; x_wconf 86' lang='lat' dir='ltr'>auctores</span> <span class='ocrx_word' id='word_1_37' title='bbox 698 365 733 395; x_wconf 90' lang='lat' dir='ltr'>et</span> <span class='ocrx_word' id='word_1_38' title='bbox 746 358 969 408; x_wconf 82' lang='lat' dir='ltr'>impulsores</span> <span class='ocrx_word' id='word_1_39' title='bbox 984 366 1020 395; x_wconf 91' lang='lat' dir='ltr'>et</span> <span class='ocrx_word' id='word_1_40' title='bbox 1032 358 1147 395; x_wconf 87' lang='lat' dir='ltr'>socios</span> <span class='ocrx_word' id='word_1_41' title='bbox 1161 357 1338 395; x_wconf 86' lang='lat' dir='ltr'>habuisse</span> 
     </span>
     <span class='ocr_line' id='line_1_6' title="bbox 229 410 1339 462; baseline 0.001 -15"><span class='ocrx_word' id='word_1_42' title='bbox 229 411 375 449; x_wconf 88' lang='lat' dir='ltr'>sceleris</span> <span class='ocrx_word' id='word_1_43' title='bbox 387 412 489 449; x_wconf 90' lang='lat' dir='ltr'>illius</span> <span class='ocrx_word' id='word_1_44' title='bbox 502 425 563 450; x_wconf 90' lang='lat' dir='ltr'>eos</span> <span class='ocrx_word' id='word_1_45' title='bbox 575 412 687 458; x_wconf 84' lang='lat' dir='ltr'>viros,</span> <span class='ocrx_word' id='word_1_46' title='bbox 701 411 841 462; x_wconf 87' lang='lat' dir='ltr'>quibus</span> <span class='ocrx_word' id='word_1_47' title='bbox 854 424 873 448; x_wconf 92' lang='lat' dir='ltr'>e</span> <span class='ocrx_word' id='word_1_48' title='bbox 886 411 1034 449; x_wconf 65' lang='lat' dir='ltr'>civitate</span> <span class='ocrx_word' id='word_1_49' title='bbox 1045 411 1202 449; x_wconf 89' lang='lat' dir='ltr'>sublatis</span> <span class='ocrx_word' id='word_1_50' title='bbox 1218 410 1339 462; x_wconf 90' lang='lat' dir='ltr'>(quod</span> 
     </span>
     <span class='ocr_line' id='line_1_7' title="bbox 229 464 1337 516; baseline 0.001 -15"><span class='ocrx_word' id='word_1_51' title='bbox 229 471 272 501; x_wconf 85' lang='lat' dir='ltr'>tu</span> <span class='ocrx_word' id='word_1_52' title='bbox 292 477 334 502; x_wconf 93' lang='lat' dir='ltr'>eo</span> <span class='ocrx_word' id='word_1_53' title='bbox 354 472 522 516; x_wconf 87' lang='lat' dir='ltr'>tempore</span> <span class='ocrx_word' id='word_1_54' title='bbox 550 465 786 511; x_wconf 84' lang='lat' dir='ltr'>moliebare),</span> <span class='ocrx_word' id='word_1_55' title='bbox 819 464 946 503; x_wconf 86' lang='lat' dir='ltr'>civitas</span> <span class='ocrx_word' id='word_1_56' title='bbox 969 472 1065 502; x_wconf 88' lang='lat' dir='ltr'>stare</span> <span class='ocrx_word' id='word_1_57' title='bbox 1083 477 1159 503; x_wconf 92' lang='lat' dir='ltr'>non</span> <span class='ocrx_word' id='word_1_58' title='bbox 1177 472 1302 516; x_wconf 88' lang='lat' dir='ltr'>posset</span> <span class='ocrx_word' id='word_1_59' title='bbox 1319 466 1337 502; x_wconf 86' lang='lat'>?</span> 
     </span>
     <span class='ocr_line' id='line_1_8' title="bbox 229 517 1336 568; baseline 0.001 -14"><span class='ocrx_word' id='word_1_60' title='bbox 229 517 292 555; x_wconf 87' lang='lat' dir='ltr'>M.</span> <span class='ocrx_word' id='word_1_61' title='bbox 316 518 520 565; x_wconf 90' lang='lat' dir='ltr'>Bibulum,</span> <span class='ocrx_word' id='word_1_62' title='bbox 548 520 656 568; x_wconf 90' lang='lat' dir='ltr'>cujus</span> <span class='ocrx_word' id='word_1_63' title='bbox 685 518 891 556; x_wconf 87' lang='lat' dir='ltr'>inclusione</span> <span class='ocrx_word' id='word_1_64' title='bbox 916 525 1112 556; x_wconf 87' lang='lat' dir='ltr'>contentus</span> <span class='ocrx_word' id='word_1_65' title='bbox 1141 531 1217 556; x_wconf 89' lang='lat' dir='ltr'>non</span> <span class='ocrx_word' id='word_1_66' title='bbox 1240 531 1336 565; x_wconf 87' lang='lat' dir='ltr'>eras,</span> 
     </span>
     <span class='ocr_line' id='line_1_9' title="bbox 228 571 1338 623; baseline 0.001 -15"><span class='ocrx_word' id='word_1_67' title='bbox 228 571 434 610; x_wconf 80' lang='lat' dir='ltr'>interficere</span> <span class='ocrx_word' id='word_1_68' title='bbox 453 573 636 620; x_wconf 83' lang='lat' dir='ltr'>volueras,</span> <span class='ocrx_word' id='word_1_69' title='bbox 657 572 881 622; x_wconf 85' lang='lat' dir='ltr'>spoliaveras</span> <span class='ocrx_word' id='word_1_70' title='bbox 896 572 1106 619; x_wconf 79' lang='lat' dir='ltr'>consulatu,</span> <span class='ocrx_word' id='word_1_71' title='bbox 1124 571 1248 622; x_wconf 71' lang='lat' dir='ltr'>patria</span> <span class='ocrx_word' id='word_1_72' title='bbox 1260 571 1338 623; x_wconf 91' lang='lat' dir='ltr'>pri-</span> 
     </span>
     <span class='ocr_line' id='line_1_10' title="bbox 181 621 1338 676; baseline 0.001 -14"><span class='ocrx_word' id='word_1_73' title='bbox 181 621 184 624; x_wconf 69' lang='grc'><strong>’</strong></span> <span class='ocrx_word' id='word_1_74' title='bbox 229 637 318 663; x_wconf 87' lang='lat' dir='ltr'>vare</span> <span class='ocrx_word' id='word_1_75' title='bbox 345 626 547 676; x_wconf 87' lang='lat' dir='ltr'>cupiebas:</span> <span class='ocrx_word' id='word_1_76' title='bbox 580 626 628 663; x_wconf 85' lang='lat' dir='ltr'>L.</span> <span class='ocrx_word' id='word_1_77' title='bbox 646 625 872 672; x_wconf 85' lang='lat' dir='ltr'>Lucullum,</span> <span class='ocrx_word' id='word_1_78' title='bbox 899 626 1008 674; x_wconf 88' lang='lat' dir='ltr'>cujus</span> <span class='ocrx_word' id='word_1_79' title='bbox 1026 632 1069 663; x_wconf 88' lang='lat' dir='ltr'>tu</span> <span class='ocrx_word' id='word_1_80' title='bbox 1088 627 1200 663; x_wconf 89' lang='lat' dir='ltr'>rebus</span> <span class='ocrx_word' id='word_1_81' title='bbox 1225 625 1338 676; x_wconf 83' lang='lat' dir='ltr'>gestis</span> 
     </span>
     <span class='ocr_line' id='line_1_11' title="bbox 229 678 1339 730; baseline 0 -14"><span class='ocrx_word' id='word_1_82' title='bbox 229 679 351 729; x_wconf 78' lang='lat' dir='ltr'>(quod</span> <span class='ocrx_word' id='word_1_83' title='bbox 368 679 449 729; x_wconf 89' lang='lat' dir='ltr'>ipse</span> <span class='ocrx_word' id='word_1_84' title='bbox 468 679 516 716; x_wconf 89' lang='lat' dir='ltr'>ad</span> <span class='ocrx_word' id='word_1_85' title='bbox 542 679 802 730; x_wconf 87' lang='lat' dir='ltr'>imperatorias</span> <span class='ocrx_word' id='word_1_86' title='bbox 831 678 963 716; x_wconf 89' lang='lat' dir='ltr'>laudes</span> <span class='ocrx_word' id='word_1_87' title='bbox 982 692 1006 716; x_wconf 89' lang='lat' dir='ltr'>a</span> <span class='ocrx_word' id='word_1_88' title='bbox 1021 691 1140 729; x_wconf 90' lang='lat' dir='ltr'>puero</span> <span class='ocrx_word' id='word_1_89' title='bbox 1167 678 1339 718; x_wconf 86' lang='lat' dir='ltr'>videlicet</span> 
     </span>
     <span class='ocr_line' id='line_1_12' title="bbox 228 732 1340 783; baseline 0 -13"><span class='ocrx_word' id='word_1_90' title='bbox 228 733 432 783; x_wconf 69' lang='lat' dir='ltr'>spectaras)</span> <span class='ocrx_word' id='word_1_91' title='bbox 444 733 704 771; x_wconf 84' lang='lat' dir='ltr'>vehementius</span> <span class='ocrx_word' id='word_1_92' title='bbox 717 732 911 771; x_wconf 88' lang='lat' dir='ltr'>invidebas</span> <span class='ocrx_word' id='word_1_93' title='bbox 927 746 937 769; x_wconf 76' lang='grc' dir='ltr'>ε</span> <span class='ocrx_word' id='word_1_94' title='bbox 959 732 1003 771; x_wconf 90' lang='lat' dir='ltr'>C.</span> <span class='ocrx_word' id='word_1_95' title='bbox 1019 732 1238 780; x_wconf 87' lang='lat' dir='ltr'>Curionem,</span> <span class='ocrx_word' id='word_1_96' title='bbox 1254 745 1340 783; x_wconf 90' lang='lat' dir='ltr'>per-</span> 
     </span>
     <span class='ocr_line' id='line_1_13' title="bbox 228 785 1339 837; baseline 0.001 -14"><span class='ocrx_word' id='word_1_97' title='bbox 228 793 391 836; x_wconf 89' lang='lat' dir='ltr'>petuum</span> <span class='ocrx_word' id='word_1_98' title='bbox 409 786 557 824; x_wconf 88' lang='lat' dir='ltr'>hostem</span> <span class='ocrx_word' id='word_1_99' title='bbox 576 787 837 837; x_wconf 85' lang='lat' dir='ltr'>improborum</span> <span class='ocrx_word' id='word_1_100' title='bbox 851 785 1039 832; x_wconf 90' lang='lat' dir='ltr'>omnium,</span> <span class='ocrx_word' id='word_1_101' title='bbox 1060 793 1252 824; x_wconf 82' lang='lat' dir='ltr'>auctorem</span> <span class='ocrx_word' id='word_1_102' title='bbox 1266 799 1339 836; x_wconf 91' lang='lat' dir='ltr'>pu-</span> 
     </span>
     <span class='ocr_line' id='line_1_14' title="bbox 227 839 1339 887; baseline 0 -10"><span class='ocrx_word' id='word_1_103' title='bbox 227 839 317 877; x_wconf 89' lang='lat' dir='ltr'>blici</span> <span class='ocrx_word' id='word_1_104' title='bbox 332 840 490 887; x_wconf 90' lang='lat' dir='ltr'>consilii,</span> <span class='ocrx_word' id='word_1_105' title='bbox 505 840 677 878; x_wconf 85' lang='lat' dir='ltr'>libertate</span> <span class='ocrx_word' id='word_1_106' title='bbox 695 839 891 878; x_wconf 87' lang='lat' dir='ltr'>communi</span> <span class='ocrx_word' id='word_1_107' title='bbox 907 839 1051 877; x_wconf 63' lang='lat' dir='ltr'>tuenda</span> <span class='ocrx_word' id='word_1_108' title='bbox 1064 840 1232 878; x_wconf 82' lang='lat' dir='ltr'>maxime</span> <span class='ocrx_word' id='word_1_109' title='bbox 1244 840 1339 878; x_wconf 89' lang='lat' dir='ltr'>libe-</span> 
     </span>
     <span class='ocr_line' id='line_1_15' title="bbox 228 892 1340 944; baseline 0.001 -14"><span class='ocrx_word' id='word_1_110' title='bbox 228 905 330 940; x_wconf 88' lang='lat' dir='ltr'>rum,</span> <span class='ocrx_word' id='word_1_111' title='bbox 362 907 450 931; x_wconf 92' lang='lat' dir='ltr'>cum</span> <span class='ocrx_word' id='word_1_112' title='bbox 477 894 555 932; x_wconf 89' lang='lat' dir='ltr'>filio</span> <span class='ocrx_word' id='word_1_113' title='bbox 584 894 754 944; x_wconf 85' lang='lat' dir='ltr'>principe</span> <span class='ocrx_word' id='word_1_114' title='bbox 779 893 1003 943; x_wconf 85' lang='lat' dir='ltr'>juventutis,</span> <span class='ocrx_word' id='word_1_115' title='bbox 1032 906 1120 932; x_wconf 90' lang='lat' dir='ltr'>cum</span> <span class='ocrx_word' id='word_1_116' title='bbox 1146 892 1340 944; x_wconf 69' lang='lat' dir='ltr'>republica</span> 
     </span>
     <span class='ocr_line' id='line_1_16' title="bbox 228 946 1339 1009; baseline 0.001 -25"><span class='ocrx_word' id='word_1_117' title='bbox 228 948 484 996; x_wconf 90' lang='lat' dir='ltr'>conjunctiore</span> <span class='ocrx_word' id='word_1_118' title='bbox 503 948 631 995; x_wconf 87' lang='lat' dir='ltr'>etiam,</span> <span class='ocrx_word' id='word_1_119' title='bbox 652 960 770 998; x_wconf 90' lang='lat' dir='ltr'>quam</span> <span class='ocrx_word' id='word_1_120' title='bbox 788 949 836 985; x_wconf 90' lang='lat' dir='ltr'>ab</span> <span class='ocrx_word' id='word_1_121' title='bbox 854 948 923 985; x_wconf 67' lang='lat' dir='ltr'>illa</span> <span class='ocrx_word' id='word_1_122' title='bbox 937 954 1046 985; x_wconf 87' lang='lat' dir='ltr'>aetate</span> <span class='ocrx_word' id='word_1_123' title='bbox 1057 946 1339 1009; x_wconf 35' lang='lat' dir='ltr'>‘postulandum</span> 
     </span>
     <span class='ocr_line' id='line_1_17' title="bbox 230 1000 1342 1062; baseline 0.001 -25"><span class='ocrx_word' id='word_1_124' title='bbox 230 1000 318 1048; x_wconf 81' lang='lat' dir='ltr'>fuit,</span> <span class='ocrx_word' id='word_1_125' title='bbox 340 1001 463 1039; x_wconf 88' lang='lat' dir='ltr'>delere</span> <span class='ocrx_word' id='word_1_126' title='bbox 481 1002 658 1039; x_wconf 88' lang='lat' dir='ltr'>voluisti·</span> <span class='ocrx_word' id='word_1_127' title='bbox 690 1001 738 1039; x_wconf 88' lang='lat' dir='ltr'>L.</span> <span class='ocrx_word' id='word_1_128' title='bbox 760 1000 993 1048; x_wconf 89' lang='lat' dir='ltr'>Domitium,</span> <span class='ocrx_word' id='word_1_129' title='bbox 1006 1001 1114 1049; x_wconf 88' lang='lat' dir='ltr'>cujus</span> <span class='ocrx_word' id='word_1_130' title='bbox 1124 1000 1293 1062; x_wconf 86' lang='lat' dir='ltr'>dignitas</span> <span class='ocrx_word' id='word_1_131' title='bbox 1303 1007 1342 1038; x_wconf 83' lang='lat' dir='ltr'>et</span> 
     </span>
     <span class='ocr_line' id='line_1_18' title="bbox 229 1054 1340 1106; baseline 0 -15"><span class='ocrx_word' id='word_1_132' title='bbox 229 1054 406 1105; x_wconf 88' lang='lat' dir='ltr'>splendor</span> <span class='ocrx_word' id='word_1_133' title='bbox 424 1055 710 1106; x_wconf 68' lang='lat' dir='ltr'>praestringebat</span> <span class='ocrx_word' id='word_1_134' title='bbox 729 1055 873 1102; x_wconf 88' lang='lat' dir='ltr'>(credo)</span> <span class='ocrx_word' id='word_1_135' title='bbox 896 1054 1023 1093; x_wconf 91' lang='lat' dir='ltr'>oculos</span> <span class='ocrx_word' id='word_1_136' title='bbox 1042 1055 1081 1092; x_wconf 83' lang='lat' dir='ltr'>V</span> <span class='ocrx_word' id='word_1_137' title='bbox 1083 1054 1204 1101; x_wconf 86' lang='lat' dir='ltr'>atinii,</span> <span class='ocrx_word' id='word_1_138' title='bbox 1224 1067 1340 1105; x_wconf 90' lang='lat' dir='ltr'>quem</span> 
     </span>
     <span class='ocr_line' id='line_1_19' title="bbox 229 1108 1340 1159; baseline 0.002 -15"><span class='ocrx_word' id='word_1_139' title='bbox 229 1114 272 1145; x_wconf 89' lang='lat' dir='ltr'>tu</span> <span class='ocrx_word' id='word_1_140' title='bbox 309 1115 462 1159; x_wconf 88' lang='lat' dir='ltr'>propter</span> <span class='ocrx_word' id='word_1_141' title='bbox 498 1121 700 1147; x_wconf 87' lang='lat' dir='ltr'>commune</span> <span class='ocrx_word' id='word_1_142' title='bbox 732 1109 863 1147; x_wconf 91' lang='lat' dir='ltr'>odium</span> <span class='ocrx_word' id='word_1_143' title='bbox 895 1108 936 1145; x_wconf 92' lang='lat' dir='ltr'>in</span> <span class='ocrx_word' id='word_1_144' title='bbox 963 1110 1082 1146; x_wconf 88' lang='lat' dir='ltr'>bonos</span> <span class='ocrx_word' id='word_1_145' title='bbox 1118 1108 1261 1155; x_wconf 80' lang='lat' dir='ltr'>oderaS,</span> <span class='ocrx_word' id='word_1_146' title='bbox 1299 1108 1340 1145; x_wconf 83' lang='lat' dir='ltr'>in</span> 
     </span>
     <span class='ocr_line' id='line_1_20' title="bbox 229 1161 1341 1213; baseline 0 -14"><span class='ocrx_word' id='word_1_147' title='bbox 229 1169 425 1212; x_wconf 87' lang='lat' dir='ltr'>posterum</span> <span class='ocrx_word' id='word_1_148' title='bbox 444 1169 586 1210; x_wconf 85' lang='lat' dir='ltr'>autem,</span> <span class='ocrx_word' id='word_1_149' title='bbox 606 1170 759 1213; x_wconf 90' lang='lat' dir='ltr'>propter</span> <span class='ocrx_word' id='word_1_150' title='bbox 777 1162 952 1200; x_wconf 88' lang='lat' dir='ltr'>omnium</span> <span class='ocrx_word' id='word_1_151' title='bbox 971 1175 1075 1213; x_wconf 89' lang='lat' dir='ltr'>spem</span> <span class='ocrx_word' id='word_1_152' title='bbox 1097 1175 1183 1213; x_wconf 90' lang='lat' dir='ltr'>quae</span> <span class='ocrx_word' id='word_1_153' title='bbox 1201 1161 1248 1200; x_wconf 92' lang='lat' dir='ltr'>de</span> <span class='ocrx_word' id='word_1_154' title='bbox 1274 1161 1341 1199; x_wconf 79' lang='lat' dir='ltr'>illo</span> 
     </span>
     <span class='ocr_line' id='line_1_21' title="bbox 228 1215 1341 1267; baseline 0 -15"><span class='ocrx_word' id='word_1_155' title='bbox 228 1222 284 1252; x_wconf 90' lang='lat' dir='ltr'>est</span> <span class='ocrx_word' id='word_1_156' title='bbox 299 1223 413 1267; x_wconf 86' lang='lat' dir='ltr'>atque</span> <span class='ocrx_word' id='word_1_157' title='bbox 432 1224 523 1264; x_wconf 85' lang='lat' dir='ltr'>erat,</span> <span class='ocrx_word' id='word_1_158' title='bbox 540 1224 627 1254; x_wconf 90' lang='lat' dir='ltr'>ante</span> <span class='ocrx_word' id='word_1_159' title='bbox 642 1217 836 1267; x_wconf 88' lang='lat' dir='ltr'>aliquanto</span> <span class='ocrx_word' id='word_1_160' title='bbox 847 1216 1031 1254; x_wconf 84' lang='lat' dir='ltr'>timebas:</span> <span class='ocrx_word' id='word_1_161' title='bbox 1062 1216 1110 1253; x_wconf 89' lang='lat' dir='ltr'>L.</span> <span class='ocrx_word' id='word_1_162' title='bbox 1128 1215 1341 1253; x_wconf 77' lang='lat' dir='ltr'>Lentulum</span> 
     </span>
     <span class='ocr_line' id='line_1_22' title="bbox 229 1268 1341 1320; baseline 0 -14"><span class='ocrx_word' id='word_1_163' title='bbox 229 1268 346 1316; x_wconf 86' lang='lat' dir='ltr'>hunc,</span> <span class='ocrx_word' id='word_1_164' title='bbox 364 1270 533 1318; x_wconf 86' lang='lat' dir='ltr'>judicem</span> <span class='ocrx_word' id='word_1_165' title='bbox 552 1276 739 1317; x_wconf 85' lang='lat' dir='ltr'>nostrum,</span> <span class='ocrx_word' id='word_1_166' title='bbox 759 1270 955 1307; x_wconf 89' lang='lat' dir='ltr'>flaminem</span> <span class='ocrx_word' id='word_1_167' title='bbox 974 1269 1210 1316; x_wconf 81' lang='lat' dir='ltr'>Martialem,</span> <span class='ocrx_word' id='word_1_168' title='bbox 1237 1269 1341 1320; x_wconf 91' lang='lat' dir='ltr'>quod</span> 
     </span>
     <span class='ocr_line' id='line_1_23' title="bbox 227 1322 1339 1374; baseline 0 -15"><span class='ocrx_word' id='word_1_169' title='bbox 227 1330 308 1359; x_wconf 87' lang='lat' dir='ltr'>erat</span> <span class='ocrx_word' id='word_1_170' title='bbox 338 1334 381 1359; x_wconf 89' lang='lat' dir='ltr'>eo</span> <span class='ocrx_word' id='word_1_171' title='bbox 410 1331 580 1374; x_wconf 85' lang='lat' dir='ltr'>tempore</span> <span class='ocrx_word' id='word_1_172' title='bbox 614 1323 771 1361; x_wconf 87' lang='lat' dir='ltr'>Gabinii</span> <span class='ocrx_word' id='word_1_173' title='bbox 802 1323 859 1360; x_wconf 87' lang='lat' dir='ltr'>tui</span> <span class='ocrx_word' id='word_1_174' title='bbox 895 1322 1131 1373; x_wconf 82' lang='lat' dir='ltr'>competitor,</span> <span class='ocrx_word' id='word_1_175' title='bbox 1170 1322 1339 1371; x_wconf 86' lang='lat' dir='ltr'>ejusdem</span> 
     </span>
     <span class='ocr_line' id='line_1_24' title="bbox 227 1374 1340 1437; baseline 0.001 -25"><span class='ocrx_word' id='word_1_176' title='bbox 227 1374 268 1412; x_wconf 82' lang='lat' dir='ltr'>V</span> <span class='ocrx_word' id='word_1_177' title='bbox 270 1375 350 1412; x_wconf 88' lang='lat' dir='ltr'>ettii</span> <span class='ocrx_word' id='word_1_178' title='bbox 376 1376 514 1414; x_wconf 88' lang='lat' dir='ltr'>indicio</span> <span class='ocrx_word' id='word_1_179' title='bbox 544 1377 757 1437; x_wconf 87' lang='lat' dir='ltr'>opprimere</span> <span class='ocrx_word' id='word_1_180' title='bbox 776 1376 940 1414; x_wconf 89' lang='lat' dir='ltr'>voluisti.</span> <span class='ocrx_word' id='word_1_181' title='bbox 980 1375 1062 1422; x_wconf 87' lang='lat' dir='ltr'>Qui</span> <span class='ocrx_word' id='word_1_182' title='bbox 1081 1376 1111 1414; x_wconf 90' lang='lat' dir='ltr'>si</span> <span class='ocrx_word' id='word_1_183' title='bbox 1130 1383 1213 1413; x_wconf 88' lang='lat' dir='ltr'>tum</span> <span class='ocrx_word' id='word_1_184' title='bbox 1231 1375 1340 1413; x_wconf 86' lang='lat' dir='ltr'>illam</span> 
     </span>
     <span class='ocr_line' id='line_1_25' title="bbox 227 1428 1340 1481; baseline 0.001 -16"><span class='ocrx_word' id='word_1_185' title='bbox 227 1428 355 1466; x_wconf 87' lang='lat' dir='ltr'>labem</span> <span class='ocrx_word' id='word_1_186' title='bbox 373 1437 595 1480; x_wconf 87' lang='lat' dir='ltr'>pestemque</span> <span class='ocrx_word' id='word_1_187' title='bbox 614 1430 759 1467; x_wconf 87' lang='lat' dir='ltr'>vicisset</span> <span class='ocrx_word' id='word_1_188' title='bbox 774 1430 894 1481; x_wconf 92' lang='lat' dir='ltr'>(quod</span> <span class='ocrx_word' id='word_1_189' title='bbox 913 1429 947 1467; x_wconf 94' lang='lat' dir='ltr'>ei</span> <span class='ocrx_word' id='word_1_190' title='bbox 965 1436 1031 1467; x_wconf 91' lang='lat' dir='ltr'>tuo</span> <span class='ocrx_word' id='word_1_191' title='bbox 1050 1429 1184 1467; x_wconf 91' lang='lat' dir='ltr'>scelere</span> <span class='ocrx_word' id='word_1_192' title='bbox 1201 1441 1277 1467; x_wconf 94' lang='lat' dir='ltr'>non</span> <span class='ocrx_word' id='word_1_193' title='bbox 1292 1429 1340 1466; x_wconf 90' lang='lat' dir='ltr'>li-</span> 
     </span>
     <span class='ocr_line' id='line_1_26' title="bbox 226 1482 1339 1534; baseline 0.001 -15"><span class='ocrx_word' id='word_1_194' title='bbox 226 1482 337 1529; x_wconf 89' lang='lat' dir='ltr'>cuit),</span> <span class='ocrx_word' id='word_1_195' title='bbox 364 1483 575 1534; x_wconf 88' lang='lat' dir='ltr'>respublica</span> <span class='ocrx_word' id='word_1_196' title='bbox 593 1483 691 1521; x_wconf 88' lang='lat' dir='ltr'>victa</span> <span class='ocrx_word' id='word_1_197' title='bbox 708 1496 785 1520; x_wconf 91' lang='lat' dir='ltr'>non</span> <span class='ocrx_word' id='word_1_198' title='bbox 804 1490 911 1529; x_wconf 89' lang='lat' dir='ltr'>esset,</span> <span class='ocrx_word' id='word_1_199' title='bbox 931 1483 1047 1532; x_wconf 91' lang='lat' dir='ltr'>hujus</span> <span class='ocrx_word' id='word_1_200' title='bbox 1073 1483 1187 1521; x_wconf 90' lang='lat' dir='ltr'>etiam</span> <span class='ocrx_word' id='word_1_201' title='bbox 1214 1482 1339 1520; x_wconf 83' lang='lat' dir='ltr'>filium</span> 
     </span>
     <span class='ocr_line' id='line_1_27' title="bbox 228 1536 1339 1588; baseline 0.001 -15"><span class='ocrx_word' id='word_1_202' title='bbox 228 1536 360 1573; x_wconf 91' lang='lat' dir='ltr'>eodem</span> <span class='ocrx_word' id='word_1_203' title='bbox 378 1536 517 1575; x_wconf 91' lang='lat' dir='ltr'>indicio</span> <span class='ocrx_word' id='word_1_204' title='bbox 543 1544 580 1574; x_wconf 88' lang='lat' dir='ltr'>et</span> <span class='ocrx_word' id='word_1_205' title='bbox 605 1536 761 1575; x_wconf 90' lang='lat' dir='ltr'>crimine</span> <span class='ocrx_word' id='word_1_206' title='bbox 781 1537 829 1574; x_wconf 90' lang='lat' dir='ltr'>ad</span> <span class='ocrx_word' id='word_1_207' title='bbox 846 1537 963 1588; x_wconf 87' lang='lat' dir='ltr'>patris</span> <span class='ocrx_word' id='word_1_208' title='bbox 981 1536 1177 1574; x_wconf 89' lang='lat' dir='ltr'>interitum</span> <span class='ocrx_word' id='word_1_209' title='bbox 1206 1549 1339 1587; x_wconf 82' lang='lat' dir='ltr'>aggre-</span> 
     </span>
     <span class='ocr_line' id='line_1_28' title="bbox 225 1590 1338 1641; baseline 0.001 -14"><span class='ocrx_word' id='word_1_210' title='bbox 225 1602 315 1639; x_wconf 89' lang='lat' dir='ltr'>gare</span> <span class='ocrx_word' id='word_1_211' title='bbox 333 1590 511 1628; x_wconf 88' lang='lat' dir='ltr'>voluisti:</span> <span class='ocrx_word' id='word_1_212' title='bbox 543 1590 591 1627; x_wconf 90' lang='lat' dir='ltr'>L.</span> <span class='ocrx_word' id='word_1_213' title='bbox 613 1591 796 1638; x_wconf 89' lang='lat' dir='ltr'>Paulum,</span> <span class='ocrx_word' id='word_1_214' title='bbox 823 1591 890 1641; x_wconf 87' lang='lat' dir='ltr'>qui</span> <span class='ocrx_word' id='word_1_215' title='bbox 908 1597 995 1628; x_wconf 90' lang='lat' dir='ltr'>tum</span> <span class='ocrx_word' id='word_1_216' title='bbox 1015 1597 1178 1641; x_wconf 87' lang='lat' dir='ltr'>quaestor</span> <span class='ocrx_word' id='word_1_217' title='bbox 1205 1590 1338 1628; x_wconf 83' lang='lat' dir='ltr'>Mace-</span> 
     </span>
     <span class='ocr_line' id='line_1_29' title="bbox 226 1643 1338 1695; baseline 0 -15"><span class='ocrx_word' id='word_1_218' title='bbox 226 1643 382 1680; x_wconf 86' lang='lat' dir='ltr'>doniam</span> <span class='ocrx_word' id='word_1_219' title='bbox 402 1644 610 1691; x_wconf 88' lang='lat' dir='ltr'>obtinebat,</span> <span class='ocrx_word' id='word_1_220' title='bbox 632 1647 764 1695; x_wconf 90' lang='lat' dir='ltr'>(quem</span> <span class='ocrx_word' id='word_1_221' title='bbox 780 1644 899 1682; x_wconf 89' lang='lat' dir='ltr'>civem</span> <span class='ocrx_word' id='word_1_222' title='bbox 915 1644 924 1681; x_wconf 87' lang='lat'>!</span> <span class='ocrx_word' id='word_1_223' title='bbox 947 1656 1063 1694; x_wconf 91' lang='lat' dir='ltr'>quem</span> <span class='ocrx_word' id='word_1_224' title='bbox 1077 1644 1202 1681; x_wconf 89' lang='lat' dir='ltr'>virum</span> <span class='ocrx_word' id='word_1_225' title='bbox 1221 1643 1251 1691; x_wconf 92' lang='lat'>!)</span> <span class='ocrx_word' id='word_1_226' title='bbox 1270 1643 1338 1694; x_wconf 94' lang='lat' dir='ltr'>qui</span> 
     </span>
     <span class='ocr_line' id='line_1_30' title="bbox 223 1696 1334 1749; baseline 0 -15"><span class='ocrx_word' id='word_1_227' title='bbox 223 1696 319 1734; x_wconf 89' lang='lat' dir='ltr'>duos</span> <span class='ocrx_word' id='word_1_228' title='bbox 342 1697 503 1735; x_wconf 88' lang='lat' dir='ltr'>nefarios</span> <span class='ocrx_word' id='word_1_229' title='bbox 532 1698 664 1748; x_wconf 87' lang='lat' dir='ltr'>patriae</span> <span class='ocrx_word' id='word_1_230' title='bbox 693 1697 914 1749; x_wconf 80' lang='lat' dir='ltr'>proditores,</span> <span class='ocrx_word' id='word_1_231' title='bbox 945 1697 1167 1735; x_wconf 89' lang='lat' dir='ltr'>domesticos</span> <span class='ocrx_word' id='word_1_232' title='bbox 1196 1697 1334 1744; x_wconf 89' lang='lat' dir='ltr'>hostes,</span> 
     </span>
     <span class='ocr_line' id='line_1_31' title="bbox 222 1750 1337 1801; baseline 0 -13"><span class='ocrx_word' id='word_1_233' title='bbox 222 1750 373 1801; x_wconf 87' lang='lat' dir='ltr'>legibus</span> <span class='ocrx_word' id='word_1_234' title='bbox 405 1751 688 1798; x_wconf 64' lang='lat' dir='ltr'>exterminarat,</span> <span class='ocrx_word' id='word_1_235' title='bbox 725 1751 923 1789; x_wconf 89' lang='lat' dir='ltr'>hominem</span> <span class='ocrx_word' id='word_1_236' title='bbox 960 1751 1009 1788; x_wconf 92' lang='lat' dir='ltr'>ad</span> <span class='ocrx_word' id='word_1_237' title='bbox 1044 1750 1337 1789; x_wconf 90' lang='lat' dir='ltr'>conservandam</span> 
     </span>
     <span class='ocr_line' id='line_1_32' title="bbox 226 1804 1337 1855; baseline 0.001 -14"><span class='ocrx_word' id='word_1_238' title='bbox 226 1804 503 1855; x_wconf 83' lang='lat' dir='ltr'>rempublicam</span> <span class='ocrx_word' id='word_1_239' title='bbox 517 1813 666 1851; x_wconf 86' lang='lat' dir='ltr'>natum,</span> <span class='ocrx_word' id='word_1_240' title='bbox 689 1804 729 1842; x_wconf 92' lang='lat' dir='ltr'>in</span> <span class='ocrx_word' id='word_1_241' title='bbox 748 1804 851 1843; x_wconf 90' lang='lat' dir='ltr'>idem</span> <span class='ocrx_word' id='word_1_242' title='bbox 870 1805 991 1843; x_wconf 76' lang='lat' dir='ltr'>Vettii</span> <span class='ocrx_word' id='word_1_243' title='bbox 1008 1804 1206 1851; x_wconf 91' lang='lat' dir='ltr'>indicium,</span> <span class='ocrx_word' id='word_1_244' title='bbox 1222 1810 1337 1855; x_wconf 88' lang='lat' dir='ltr'>atque</span> 
     </span>
     <span class='ocr_line' id='line_1_33' title="bbox 223 1857 1336 1908; baseline 0.001 -14"><span class='ocrx_word' id='word_1_245' title='bbox 223 1857 264 1894; x_wconf 92' lang='lat' dir='ltr'>in</span> <span class='ocrx_word' id='word_1_246' title='bbox 284 1858 461 1896; x_wconf 88' lang='lat' dir='ltr'>eumdem</span> <span class='ocrx_word' id='word_1_247' title='bbox 479 1858 582 1896; x_wconf 91' lang='lat' dir='ltr'>hunc</span> <span class='ocrx_word' id='word_1_248' title='bbox 600 1870 820 1904; x_wconf 88' lang='lat' dir='ltr'>numerum,</span> <span class='ocrx_word' id='word_1_249' title='bbox 848 1857 1094 1908; x_wconf 62' lang='lat' dir='ltr'>congregasti.</span> <span class='ocrx_word' id='word_1_250' title='bbox 1136 1857 1244 1906; x_wconf 87' lang='lat' dir='ltr'>Quid</span> <span class='ocrx_word' id='word_1_251' title='bbox 1267 1869 1336 1908; x_wconf 87' lang='lat' dir='ltr'>ego</span> 
     </span>
     <span class='ocr_line' id='line_1_34' title="bbox 223 1910 1333 1962; baseline 0.001 -15"><span class='ocrx_word' id='word_1_252' title='bbox 223 1910 271 1948; x_wconf 89' lang='lat' dir='ltr'>de</span> <span class='ocrx_word' id='word_1_253' title='bbox 289 1924 352 1948; x_wconf 88' lang='lat' dir='ltr'>me</span> <span class='ocrx_word' id='word_1_254' title='bbox 371 1914 537 1962; x_wconf 78' lang='lat' dir='ltr'>querar?</span> <span class='ocrx_word' id='word_1_255' title='bbox 567 1912 635 1962; x_wconf 94' lang='lat' dir='ltr'>qui</span> <span class='ocrx_word' id='word_1_256' title='bbox 664 1912 778 1950; x_wconf 81' lang='lat' dir='ltr'>etiam</span> <span class='ocrx_word' id='word_1_257' title='bbox 807 1912 947 1962; x_wconf 87' lang='lat' dir='ltr'>gratias</span> <span class='ocrx_word' id='word_1_258' title='bbox 966 1912 1036 1950; x_wconf 86' lang='lat' dir='ltr'>tibi</span> <span class='ocrx_word' id='word_1_259' title='bbox 1064 1924 1173 1962; x_wconf 86' lang='lat' dir='ltr'>agere</span> <span class='ocrx_word' id='word_1_260' title='bbox 1202 1910 1333 1957; x_wconf 85' lang='lat' dir='ltr'>debeo,</span> 
     </span>
     <span class='ocr_line' id='line_1_35' title="bbox 222 1965 1335 2015; baseline 0 -13"><span class='ocrx_word' id='word_1_261' title='bbox 222 1965 327 2014; x_wconf 91' lang='lat' dir='ltr'>quod</span> <span class='ocrx_word' id='word_1_262' title='bbox 340 1978 403 2003; x_wconf 88' lang='lat' dir='ltr'>me</span> <span class='ocrx_word' id='word_1_263' title='bbox 422 1979 470 2003; x_wconf 81' lang='lat' dir='ltr'>ex</span> <span class='ocrx_word' id='word_1_264' title='bbox 483 1965 776 2004; x_wconf 86' lang='lat' dir='ltr'>fortissimorum</span> <span class='ocrx_word' id='word_1_265' title='bbox 795 1965 937 2004; x_wconf 91' lang='lat' dir='ltr'>civium</span> <span class='ocrx_word' id='word_1_266' title='bbox 955 1977 1114 2003; x_wconf 86' lang='lat' dir='ltr'>numero</span> <span class='ocrx_word' id='word_1_267' title='bbox 1133 1966 1335 2015; x_wconf 82' lang='lat' dir='ltr'>sejungen-</span> 
     </span>
     <span class='ocr_line' id='line_1_36' title="bbox 220 2017 585 2070; baseline 0.005 -16"><span class='ocrx_word' id='word_1_268' title='bbox 220 2017 314 2055; x_wconf 89' lang='lat' dir='ltr'>dum</span> <span class='ocrx_word' id='word_1_269' title='bbox 334 2031 410 2056; x_wconf 89' lang='lat' dir='ltr'>non</span> <span class='ocrx_word' id='word_1_270' title='bbox 429 2019 585 2070; x_wconf 66' lang='lat' dir='ltr'>putaris.</span> 
     </span>
    </p>

    <p class='ocr_par' dir='ltr' id='par_1_3' title="bbox 214 2072 1335 2233">
     <span class='ocr_line' id='line_1_37' title="bbox 274 2072 1333 2124; baseline -0.001 -15"><span class='ocrx_word' id='word_1_271' title='bbox 274 2072 351 2109; x_wconf 91' lang='lat' dir='ltr'>XI.</span> <span class='ocrx_word' id='word_1_272' title='bbox 383 2073 458 2110; x_wconf 90' lang='lat' dir='ltr'>Sed</span> <span class='ocrx_word' id='word_1_273' title='bbox 483 2072 550 2124; x_wconf 91' lang='lat' dir='ltr'>qui</span> <span class='ocrx_word' id='word_1_274' title='bbox 578 2073 652 2110; x_wconf 87' lang='lat' dir='ltr'>fuit</span> <span class='ocrx_word' id='word_1_275' title='bbox 669 2073 734 2113; x_wconf 87' lang='lat' dir='ltr'>ille</span> <span class='ocrx_word' id='word_1_276' title='bbox 752 2080 842 2111; x_wconf 85' lang='lat' dir='ltr'>tuus</span> <span class='ocrx_word' id='word_1_277' title='bbox 859 2080 990 2112; x_wconf 88' lang='lat' dir='ltr'>tantus</span> <span class='ocrx_word' id='word_1_278' title='bbox 1007 2072 1126 2120; x_wconf 87' lang='lat' dir='ltr'>furor,</span> <span class='ocrx_word' id='word_1_279' title='bbox 1158 2078 1216 2118; x_wconf 90' lang='lat' dir='ltr'>ut,</span> <span class='ocrx_word' id='word_1_280' title='bbox 1243 2083 1333 2109; x_wconf 88' lang='lat' dir='ltr'>cum</span> 
     </span>
     <span class='ocr_line' id='line_1_38' title="bbox 214 2124 1334 2178; baseline 0 -16"><span class='ocrx_word' id='word_1_281' title='bbox 214 2125 298 2173; x_wconf 90' lang='lat' dir='ltr'>jam</span> <span class='ocrx_word' id='word_1_282' title='bbox 313 2126 466 2164; x_wconf 86' lang='lat' dir='ltr'>Vettius</span> <span class='ocrx_word' id='word_1_283' title='bbox 485 2126 533 2164; x_wconf 90' lang='lat' dir='ltr'>ad</span> <span class='ocrx_word' id='word_1_284' title='bbox 552 2127 751 2165; x_wconf 87' lang='lat' dir='ltr'>arbitrium</span> <span class='ocrx_word' id='word_1_285' title='bbox 767 2134 877 2165; x_wconf 83' lang='lat' dir='ltr'>tuum</span> <span class='ocrx_word' id='word_1_286' title='bbox 889 2127 1111 2178; x_wconf 65' lang='lat' dir='ltr'>perorasset,</span> <span class='ocrx_word' id='word_1_287' title='bbox 1128 2132 1165 2163; x_wconf 87' lang='lat' dir='ltr'>et</span> <span class='ocrx_word' id='word_1_288' title='bbox 1175 2124 1334 2163; x_wconf 83' lang='lat' dir='ltr'>civitatis</span> 
     </span>
     <span class='ocr_line' id='line_1_39' title="bbox 217 2178 1335 2233; baseline 0.001 -18"><span class='ocrx_word' id='word_1_289' title='bbox 217 2178 367 2218; x_wconf 84' lang='lat' dir='ltr'>lumina</span> <span class='ocrx_word' id='word_1_290' title='bbox 386 2180 565 2231; x_wconf 58' lang='lat' dir='ltr'>notasset,</span> <span class='ocrx_word' id='word_1_291' title='bbox 585 2181 911 2233; x_wconf 84' lang='lat' dir='ltr'>descendissetque</span> <span class='ocrx_word' id='word_1_292' title='bbox 928 2181 975 2220; x_wconf 91' lang='lat' dir='ltr'>de</span> <span class='ocrx_word' id='word_1_293' title='bbox 994 2180 1156 2229; x_wconf 82' lang='lat' dir='ltr'>Rostris,</span> <span class='ocrx_word' id='word_1_294' title='bbox 1169 2191 1258 2218; x_wconf 86' lang='lat' dir='ltr'>eum</span> <span class='ocrx_word' id='word_1_295' title='bbox 1275 2190 1335 2216; x_wconf 90' lang='lat' dir='ltr'>re-</span> 
     </span>
    </p>
   </div>
  </div>
 </body>
</html>
