1435 2328
196 93 247 136 70
466 91 579 132 PRO
608 91 806 132 SULLA.
836 93 940 131 CAP.
971 92 1036 136 27.

194 211 233 245 se
251 199 314 238 hic
333 199 452 240 Sullae
469 199 673 252 obligavit!
706 211 801 252 quos
820 212 889 250 ego
907 198 1144 238 nominarem
1164 202 1307 250 (neque

195 253 298 291 enim
310 253 383 305 ipsi
393 253 530 292 nolunt
543 267 555 300 3
577 261 614 292 et
627 254 731 300 huic,
745 254 872 292 animo
886 252 1113 304 gratissimo,
1127 252 1306 300 adsunt):

195 307 276 356 sed,
291 307 383 359 quia
400 309 526 358 majus
538 314 593 345 est
610 307 852 356 beneficium,
873 319 991 358 quam
1009 319 1117 358 posse
1136 306 1248 344 debet
1259 306 1311 344 ci-

194 360 251 399 vis
269 361 341 400 civi
361 360 464 408 dare,
480 361 565 399 ideo
584 375 607 398 a
625 362 731 399 vobis
748 369 850 413 peto,
870 368 928 408 ut,
945 360 1048 412 quod
1059 360 1198 412 potuit,
1213 367 1310 398 tem·

193 415 277 467 pori
296 415 483 462 tribuatis,
499 415 602 467 quod
619 415 721 463 fecit,
742 415 825 465 ipsi.

249 469 358 516 Quid
382 469 569 520 reliquam
595 469 844 507 constantiam
869 467 956 506 vitae
982 479 1276 506 commemorem
1291 469 1309 506 ?

195 521 434 573 dignitatem,
461 522 740 568 liberalitatem,
764 521 1061 560 moderationem
1083 522 1122 559 in
1154 521 1311 573 privatis

193 578 320 624 rebus,
342 576 580 629 splendorem
599 576 638 612 in
658 576 819 627 publicis
835 579 851 614 ?
881 589 967 627 quae
978 575 1031 613 ita
1045 589 1067 613 a
1078 575 1231 613 fortuna
1246 575 1311 613 de-

193 629 356 668 formata
368 637 469 675 sunt,
484 637 527 667 ut
543 638 669 668 tamen
685 643 707 666 a
721 630 857 668 natura
868 629 1043 667 inchoata
1055 636 1308 680 compareant.

194 683 295 730 Quae
313 684 450 721 domus
467 684 475 720 !
507 697 593 735 quae
605 683 804 721 celebratio
824 682 1044 735 quotidiana
1059 683 1069 720 l
1100 696 1187 734 quae
1198 682 1312 720 fami-

192 737 294 775 liaris
314 737 500 788 dignitas!
531 751 617 789 quae
637 737 762 775 studia
780 737 1011 774 amicorum!
1042 749 1129 787 quae
1147 749 1194 774 ex
1214 749 1311 787 quo„

193 804 268 842 que
280 791 410 829 ordine
421 791 651 829 multitudo!
675 791 785 838 Haec,
800 791 866 828 diu
880 790 1125 840 multumque
1138 797 1175 827 et
1186 790 1311 828 multo

193 845 321 882 labore
340 845 511 896 quaesita,
532 858 611 882 una
630 844 768 896 eripuit
791 845 896 882 hora.
937 843 1099 894 Accepit
1119 844 1164 882 P.
1185 844 1307 890 Sulla,

191 898 352 947 judices,
373 899 576 937 vehemens
595 899 735 937 vulnus
755 905 792 935 et
816 897 1085 935 mortiferum·
1074 925 1086 942 ,
1116 904 1311 935 verumta-

193 964 282 990 men
303 952 503 1013 ejusmodi,
525 952 627 1004 quod
647 951 836 990 videretur
848 953 930 1001 ejus
949 950 1027 989 vita
1047 958 1083 988 et
1100 958 1236 988 natura
1248 963 1310 988 ac-

193 1005 316 1066 cipere
333 1005 512 1057 potuisse.
543 1005 765 1044 Honestatis
785 1012 822 1043 et
841 1004 1036 1056 dignitatis
1055 1004 1232 1042 habuisse
1250 1003 1310 1041 ni-

192 1060 266 1097 mis
284 1072 466 1111 magnam
482 1060 674 1121 judicatus
693 1066 748 1097 est
766 1059 1039 1110 cupiditatem·
1071 1071 1185 1109 quam
1201 1058 1233 1095 si
1244 1070 1311 1095 ne-

192 1125 257 1150 mo
276 1114 373 1151 alius
392 1113 547 1151 habuit
538 1127 577 1151 in
590 1113 788 1151 consulatu
802 1112 979 1164 petendo,
1000 1111 1171 1163 cupidior
1188 1110 1311 1161 [judi-

193 1174 298 1205 catus
317 1169 392 1218 est]
413 1167 475 1206 hic
492 1167 622 1214 fuisse,
644 1179 760 1218 quam
781 1165 927 1204 caeteri:
959 1165 1018 1203 sin
1037 1166 1151 1203 etiam
1166 1165 1205 1202 in
1226 1165 1309 1203 aliis

193 1220 387 1258 nonnullis
407 1221 480 1258 fuit
497 1221 567 1258 iste
597 1220 812 1258 consulatus
835 1231 967 1264 amor3
997 1218 1150 1256 fortuna
1179 1218 1219 1256 in
1237 1219 1311 1257 hoc

192 1274 266 1311 fuit
286 1274 440 1312 fortasse
458 1274 620 1325 gravior,
641 1286 759 1324 quam
778 1273 816 1309 in
833 1272 985 1310 caeteris.

247 1328 386 1365 Postea
404 1341 490 1366 vero
510 1327 595 1378 quis
625 1327 670 1364 P.
692 1327 855 1374 Sullam,
880 1325 953 1363 nisi
978 1332 1214 1373 moerentem,
1244 1325 1310 1364 de-

192 1380 369 1430 missum,
401 1381 676 1432 afflictumque,
708 1379 802 1417 vidit
818 1382 835 1418 Ρ
865 1379 951 1431 quis
981 1392 1154 1431 unquam
1174 1386 1230 1417 est
1247 1393 1311 1418 su-

193 1435 372 1486 spicatus,
392 1435 510 1482 hunc,
531 1434 652 1484 magis
672 1433 757 1472 odio
782 1446 900 1484 quam
925 1433 1084 1484 pudore,
1104 1433 1308 1471 hominum

192 1488 414 1540 adspectum
432 1489 634 1539 lucemque
654 1487 802 1525 vitare?
833 1486 927 1534 Qui,
945 1500 1033 1524 cum
1051 1487 1177 1524 multa
1193 1487 1312 1525 habe-

192 1549 250 1580 ret
278 1542 527 1580 invitamenta
552 1541 657 1579 urbis
677 1548 713 1578 et
742 1540 813 1578 fori
840 1547 993 1592 propter
1015 1553 1168 1578 summa
1185 1540 1312 1578 studia

192 1595 403 1634 amicorum
434 1598 537 1646 (quae
556 1602 683 1633 tamen
703 1595 737 1632 ei
755 1595 834 1633 sola
860 1594 900 1630 in
927 1594 1038 1633 malis
1057 1594 1307 1641 restiterunt),

192 1649 316 1688 abfuit
330 1651 377 1687 ab
393 1649 510 1687 oculis
529 1649 660 1687 vestris
674 1661 685 1694 ς
716 1655 766 1695 et,
781 1661 868 1686 cum
880 1647 963 1698 lege
976 1647 1211 1694 retineretur,
1227 1647 1310 1698 ipse

192 1716 231 1741 se
250 1703 382 1740 exsilio
401 1715 508 1754 paene
526 1701 715 1740 multavit.
747 1702 794 1739 In
807 1702 879 1739 hoc
891 1714 955 1740 vos
967 1700 1126 1752 pudore,
1144 1701 1306 1750 judices,

194 1764 232 1795 et
249 1756 289 1794 in
304 1757 374 1794 hac
393 1756 485 1804 vita,
507 1763 612 1794 tanto
632 1756 759 1794 sceleri
778 1755 905 1793 locum
923 1755 1040 1792 fuisse
1058 1754 1207 1792 creditis
1222 1757 1239 1793 Ρ

245 1810 432 1848 XXVII.
461 1809 661 1861 Adspicite
685 1809 813 1860 ipsum
828 1823 837 1846 :
870 1807 1101 1846 contuemini
1123 1821 1188 1846 os:
1219 1820 1308 1846 con-

191 1863 285 1902 ferte
304 1864 446 1902 crimen
465 1877 553 1902 cum
573 1863 674 1901 vita:
707 1863 839 1910 vitam,
860 1864 908 1900 ab
927 1862 1035 1899 initio
1055 1861 1103 1899 ad
1120 1862 1192 1899 hoc
1211 1868 1308 1899 tem-

191 1931 263 1969 pus
276 1918 515 1968 explicatam,
527 1930 616 1955 cum
629 1916 784 1954 crimine
795 1915 1056 1966 recognoscite.
1078 1915 1198 1953 Mitto
1209 1928 1310 1953 rem-

191 1971 402 2032 publicam,
423 1985 508 2023 quae
527 1970 601 2008 fuit
624 1983 772 2021 semper
799 1969 916 2007 Suuae
942 1969 1159 2007 carissima:
1190 1969 1309 2007 hosne

192 2025 347 2073 amicos,
368 2026 461 2063 tales
481 2025 592 2073 viros,
614 2032 692 2062 tam
706 2023 862 2074 cupidos
876 2023 935 2060 sui
955 2027 1038 2073 (per
1050 2035 1145 2074 quos
1156 2035 1213 2061 res
1225 2023 1308 2072 ejus

191 2079 367 2118 secundae
393 2091 495 2130 quon
486 2079 588 2116 ,dam
617 2085 723 2115 erant
751 2084 907 2123 ornatae,
939 2089 1041 2114 nunc
1063 2076 1310 2115 sublevantur

189 2132 387 2180 adversae),
400 2132 655 2171 crudelissime
672 2131 794 2182 perire
813 2130 946 2177 voluit,
967 2137 1024 2178 ut,
1041 2143 1129 2168 cum
1141 2129 1309 2168 Lentulo

187 2193 225 2226 et
244 2186 412 2227 Catilina
431 2195 468 2226 et
488 2186 672 2238 Cetheg0‚
693 2184 941 2224 foedissimam
952 2183 1070 2223 vitam
1082 2195 1129 2224 ac
1143 2181 1308 2222 miserri-
