1455 2343
190 60 272 96 334
448 61 508 99 lN
541 59 857 99 VATINIUM.
890 61 993 98 (ΒΑΓ.
1027 63 1064 100 9.

251 166 375 205 VIII.
405 168 547 216 Quaero
566 167 663 206 illud
677 169 790 206 etiam
806 181 853 206 ex
873 176 923 215 te,
943 175 1146 207 conatusne
1161 167 1225 214 sis,
1238 180 1307 204 vo-

200 220 378 266 luerisne,
398 221 562 273 denique
580 221 766 272 cogitaris,
788 225 861 263 (est
885 222 987 260 enirn
1017 234 1075 260 1oe
1106 220 1306 270 ejusmodi,

200 281 257 320 ut,
279 274 310 311 si
328 274 398 312 tibi
422 276 536 313 modo
554 275 593 312 in
622 282 789 313 mentem
808 275 924 324 venit,
945 287 1057 313 nemo
1085 274 1146 323 sit,
1178 273 1308 326 quite

201 327 280 364 ullo
299 329 466 367 cruciatu
482 342 559 367 esse
578 329 779 379 indignum
797 336 922 380 putet)
941 328 1177 379 cogitarisne,
1190 328 1230 366 in
1242 327 1309 365 illo

201 386 267 418 tuo
285 380 525 431 intolerabili,
539 395 615 420 non
634 395 763 433 regno,
781 386 888 425 (nam
904 382 1010 434 cupis
1028 382 1068 419 id
1082 382 1229 429 audire)
1244 380 1310 418 sed

201 433 409 483 latrocinio,
427 449 548 486 augur
567 436 648 474 fieri
666 436 706 473 in
726 436 776 483 Q.
793 435 946 474 Metelli
963 437 1090 474 locum
1105 437 1122 474 ἓ
1151 442 1209 482 ut,
1224 433 1310 486 qui-

200 500 367 539 cumque
385 496 421 527 te
447 490 689 541 adspexisset,
709 489 900 540 duplicem
920 489 1088 527 dolorem
1106 488 1312 539 gemitum·

203 554 278 591 que
298 543 513 593 susciperet,
541 551 577 581 et
596 557 642 581 ex
662 543 843 580 desiderio
857 543 1054 580 clarissimi
1068 550 1105 580 et
1117 541 1311 580 fortissimi

207 594 310 643 civis,
327 603 363 633 et
375 610 422 633 ex
431 597 572 634 honore
583 596 792 647 turpissimi
805 604 919 647 atque
930 595 1211 646 improbissimi.
1227 594 1314 632 Ad-

205 660 311 696 eone,
333 662 409 687 non
427 650 653 688 labefactam
667 650 942 700 rempublicam
961 657 998 687 te
1010 649 1176 695 tribuno,
1192 661 1317 700 neque

205 711 492 753 conquassatam
511 704 715 752 civitatem,
743 703 807 741 sed
826 711 975 755 captam
993 703 1090 741 hanc
1109 704 1242 740 urbem
1258 709 1315 740 at-

205 769 280 806 que
308 769 488 807 eversam,
519 758 679 809 putaris,
711 764 755 795 ut
782 770 967 808 augurem
988 756 1192 796 Vatinium
1218 755 1320 801 ferre

200 822 397 860 possemus
412 813 429 849 Ρ

258 863 346 901 Hoc
363 865 445 902 loco
464 878 604 915 quaero,
626 865 657 903 si
687 865 756 912 (id,
786 864 889 916 quod
907 863 1165 915 concupieras)
1193 875 1317 913 augur

205 915 327 954 factus
347 931 442 956 esses
463 919 518 959 (in
537 920 615 970 qua
633 919 701 956 tua
715 919 939 969 cogitatione
952 930 1035 965 nos,
1050 918 1117 969 qui
1135 925 1173 955 te
1187 917 1317 955 odera-

206 982 308 1017 mus,
326 971 390 1009 vix
401 972 569 1010 dolorem
584 973 800 1010 ferebamus
813 986 824 1017 ;
855 972 912 1009 illi
930 978 1072 1019 autem,
1087 971 1225 1022 quibus
1237 982 1318 1008 eras

206 1023 247 1060 in
267 1024 422 1073 deliciis,
442 1026 507 1063 vix
529 1027 651 1064 risum
675 1027 898 1073 tenebant):
930 1025 994 1064 sed
1024 1037 1167 1076 quaero,
1193 1023 1238 1071 si,
1270 1023 1319 1061 ad

207 1084 341 1116 caetera
360 1079 529 1127 vulnera,
551 1080 690 1131 quibus
712 1079 856 1130 putasti
884 1079 1159 1130 rempublicam
1188 1077 1319 1125 deleri,

207 1130 306 1169 hanc
325 1146 478 1184 quoque
495 1134 729 1171 mortiferam
756 1134 912 1184 plagam
938 1132 1138 1170 inflixisses
1156 1143 1321 1182 augura-

209 1187 269 1223 tus
288 1186 360 1233 tui,
388 1195 519 1224 utrum
538 1188 755 1226 decreturus
783 1187 900 1225 fueris
932 1187 1002 1234 (id,
1055 1185 1131 1223 uod
1159 1197 1322 1235 augures

211 1251 343 1277 omnes
362 1254 484 1292 usque
503 1255 526 1278 a
543 1242 713 1280 Romulo
728 1241 1002 1287 decreverunt),
1018 1240 1118 1278 Jove
1135 1238 1320 1289 fulgente,

212 1304 301 1329 cum
320 1296 463 1344 populo
482 1295 544 1345 agi
562 1295 667 1333 nefas
687 1308 765 1333 esse
783 1297 800 1333 Ρ
829 1307 892 1340 an,
916 1295 1007 1345 quia
1031 1301 1073 1331 tu
1095 1305 1245 1344 semper
1269 1291 1323 1329 sic

212 1346 362 1396 egisses,
384 1348 550 1398 auspicia
568 1348 683 1386 fueris
702 1361 825 1398 augur
843 1348 1124 1386 dissoluturus?

264 1401 340 1446 Ac,
362 1413 409 1438 ne
427 1402 570 1438 diutius
588 1403 722 1452 loquar
740 1402 787 1439 de
812 1408 1001 1452 auguratu
1020 1408 1112 1445 tu03
1142 1397 1246 1450 quod
1263 1398 1322 1436 in-

211 1452 311 1491 vitus
325 1453 434 1503 facio,
449 1462 492 1492 ut
503 1455 672 1493 recorder
683 1455 811 1493 ruinas
825 1454 1059 1506 reipublicae:
1081 1466 1205 1503 neque
1220 1452 1322 1490 enim

213 1512 255 1544 tu
274 1519 461 1558 unquam,
493 1515 614 1546 stante
632 1521 707 1546 non
727 1509 841 1546 modo
859 1510 1056 1557 majestate
1073 1507 1227 1555 horum,
1256 1505 1322 1544 sed

213 1560 328 1598 etiam
348 1561 467 1609 Urbe,
489 1569 525 1600 te
539 1575 721 1613 augurem
741 1562 821 1600 fore
839 1561 1004 1613 putasti:

267 1614 344 1652 IX.
374 1628 507 1653 verum
532 1622 675 1664 tamen,
700 1623 744 1654 ut
774 1616 922 1653 somnia
940 1623 1007 1653 tua
1025 1614 1254 1665 relinquam,
1274 1611 1325 1650 ad

214 1668 352 1706 scelera
376 1669 546 1714 veniam3
577 1670 662 1707 volo
679 1670 737 1706 uti
754 1669 851 1706 mihi
875 1669 1121 1720 respondeas:
1153 1679 1242 1705 cum
1261 1665 1324 1704 Μ.

214 1720 403 1759 Bibulum
419 1723 627 1770 consulem,
643 1735 719 1760 non
732 1723 855 1761 dicam
870 1724 966 1760 bene
980 1722 1027 1759 de
1036 1720 1232 1772 republica
1243 1731 1327 1758 sen-

214 1774 385 1822 tientem,
406 1788 454 1814 ne
472 1783 514 1813 tu
533 1776 630 1813 mihi
653 1776 769 1814 homo
786 1783 920 1826 potens
944 1776 1115 1821 irascare,
1135 1773 1203 1825 qui
1217 1775 1265 1811 ab
1284 1785 1328 1811 eo

215 1827 445 1875 dissensisti3
476 1829 540 1866 sed
554 1829 748 1867 hominem
761 1837 859 1867 certe
877 1841 1067 1879 nusquam
1085 1826 1328 1878 progredien-

217 1888 310 1930 tem,
330 1883 427 1920 nihil
444 1883 484 1920 in
502 1883 696 1933 republica
714 1883 950 1931 molientem,
971 1889 1121 1919 tantum
1136 1880 1265 1919 animo
1279 1881 1326 1917 ab

213 1936 424 1974 actionibus
443 1935 518 1973 tuis
529 1936 809 1974 dissentientem
824 1950 835 1981 ς
866 1948 954 1974 011111
974 1948 1062 1973 eum
1077 1941 1119 1972 tu
1134 1933 1327 1972 consulem

215 1988 257 2025 in
284 1990 436 2028 vincula
456 1989 624 2037 duceres,
646 1997 682 2026 et
700 2002 722 2027 a
747 1989 879 2027 tabula
904 1989 943 2027 V
945 1988 1060 2026 aleria
1089 1988 1242 2037 collegae
1271 1985 1328 2024 tui

216 2042 319 2080 mitti
345 2045 546 2092 juberent3
576 2043 753 2081 fecerisne
771 2050 858 2081 ante
877 2043 1018 2081 Rostra
1039 2047 1210 2093 pontem,
1240 2051 1329 2077 con-

215 2095 372 2135 tinuatis
396 2096 665 2144 tribunalibus,
694 2109 761 2147 per
791 2109 906 2148 quem
932 2095 1064 2134 consul
1083 2093 1218 2146 populi
1247 2093 1329 2131 Ro-

213 2149 319 2186 mani
332 2150 654 2188 moderatissimus
667 2158 704 2188 et
718 2150 1058 2197 constantissimus,
1075 2147 1223 2187 sublato
1234 2159 1331 2184 aux-

209 2201 291 2250 ilio,
313 2203 474 2243 exclusis
493 2204 639 2251 amicis,
663 2203 699 2241 vi
717 2204 954 2256 perditorum
973 2201 1178 2242 hominum
1195 2199 1329 2239 incita-
