1435 2328
222 47 297 87 114
408 46 550 86 POST
581 42 853 108 nEDITUM
883 45 941 84 ΙΙ.
969 46 1074 85 CAP.
1102 48 1141 86 3.

227 155 346 194 secuti
365 168 521 194 sumus:
552 154 626 192 nisi
643 160 765 192 vestra
791 154 966 192 voluntas
993 154 1139 202 fuisset,
1165 153 1344 199 omnibus

228 209 366 247 divinis
384 208 606 246 muneribus
625 207 885 246 caruissemus.
917 208 1074 247 Vestros
1091 207 1255 259 denique
1273 209 1343 247 ho-

228 275 352 308 nores,
374 275 469 314 quos
489 275 637 300 eramus
657 261 844 311 gradatim
859 261 1028 312 singulos
1045 262 1219 309 assecuti,
1240 274 1343 300 nunc

230 330 254 354 a
272 317 377 354 vobis
396 316 588 354 universos
607 315 818 359 habemus3
848 323 905 362 ut,
936 322 1125 365 quantum
1143 322 1255 353 antea
1273 329 1343 366 pa-

230 370 416 415 rentibus,
437 377 626 420 quantum
646 368 732 405 Diis
751 368 1044 415 immortalibus,
1069 375 1259 419 quantum
1277 381 1344 407 vo-

229 424 369 463 bismet
378 424 483 474 ipsis,
497 432 647 460 tantum
660 422 731 459 hoc
743 428 912 472 tempore
927 422 994 458 uni
1008 423 1152 473 populo
1167 423 1344 460 Romano

233 477 452 516 debeamus.
485 477 605 523 Nam,
626 488 714 513 cum
732 475 772 512 in
791 475 872 526 ipso
891 475 1073 513 beneficio
1100 483 1222 514 vestro
1241 483 1347 514 tanta

232 531 458 581 magnitudo
478 537 546 578 est,
567 537 611 566 ut
628 541 712 566 eam
740 529 940 579 complecti
965 529 1132 567 oratione
1156 541 1232 567 non
1261 542 1349 580 pos-

235 584 309 622 sim
324 598 335 629 3
357 591 441 621 tum
453 583 493 620 in
513 583 645 622 studiis
659 583 789 620 vestris
807 589 914 619 tanta
931 582 1147 620 animorum
1162 583 1350 621 declarata

235 644 292 675 est
306 638 493 683 voluntas,
514 644 559 673 ut
577 648 653 673 non
669 636 792 673 solum
811 636 1065 673 calamitatem
1084 636 1181 674 mihi
1199 636 1351 675 detrax-

237 691 325 738 isse,
346 691 411 728 sed
426 691 539 728 etiam
559 689 783 739 dignitatem
803 689 964 736 auxisse,
985 689 1201 728 videamini.

294 745 378 782 III.
410 745 502 781 Non
522 743 639 790 enim,
658 755 727 792 pro
745 755 830 780 meo
849 742 985 791 reditu,
1006 751 1050 780 ut
1066 756 1135 794 pro
1155 744 1200 781 P.
1222 743 1354 795 Popil-

237 798 295 846 lii,
322 797 548 835 nobilissimi
583 796 761 842 hominis,
788 796 1040 834 adolescentes
1065 797 1148 846 filii,
1175 804 1211 835 et
1239 797 1355 835 multi

241 860 423 904 praeterea
441 850 590 902 cogitati
609 857 722 900 atque
747 849 890 896 affines,
917 850 1105 901 deprecati
1123 858 1234 889 sunt:
1264 863 1356 898 non,

241 913 287 944 ut
322 918 390 957 pro
421 905 472 952 Q.
500 904 675 950 Metello,
707 903 911 941 clarissimo
943 904 1037 952 viro,
1072 905 1154 953 jam
1191 905 1358 956 spectata

243 966 354 998 aetate
376 959 492 1007 filius,
513 971 589 995 non
609 957 656 995 L.
677 957 942 1003 Diadematus,
963 958 1182 1005 consularis,
1203 958 1356 996 summa

241 1012 463 1052 auctoritate
496 1012 566 1058 vir,
610 1024 687 1059 non
728 1012 772 1049 C.
816 1011 1001 1052 Metellus
1037 1012 1240 1059 censorius,
1277 1024 1355 1050 non

244 1079 377 1106 eorum
399 1065 522 1114 liberi,
539 1077 615 1103 non
635 1065 685 1112 Q.
708 1065 891 1102 Metellus
911 1065 1056 1116 Nepos,
1077 1065 1145 1116 qui
1164 1073 1356 1110 tumvcon-

244 1122 415 1158 sulatum
429 1121 593 1171 petebat,
615 1131 691 1156 non
707 1131 878 1156 sororum
897 1118 979 1166 filii,
999 1119 1169 1166 Luculli,
1191 1119 1354 1166 Servilii,

244 1174 459 1225 Scipiones:
491 1172 673 1223 permulti
689 1172 790 1209 enim
809 1179 893 1213 tum
905 1172 1070 1219 Metelli,
1091 1179 1157 1209 aut
1176 1173 1356 1211 Metello-

245 1241 333 1265 rum
352 1226 477 1271 liberi,
497 1239 566 1276 pro
585 1226 636 1273 Q.
658 1225 811 1263 Metelli
835 1225 973 1272 reditu,
1001 1226 1106 1264 vobis
1125 1239 1167 1264 ac
1185 1227 1356 1276 patribus

242 1281 374 1319 vestris
394 1280 710 1331 supplicaverunt.
742 1279 858 1326 Quod
878 1279 908 1317 si
926 1278 1044 1339 ipsius
1063 1292 1215 1317 sumnia
1231 1280 1358 1330 digni-

230 1342 301 1372 -tas
319 1333 576 1395 maximaeque
595 1346 653 1370 res
672 1339 786 1382 gestae
803 1345 880 1371 non
900 1332 987 1370 satis
1006 1333 1197 1379 valerent3
1228 1341 1356 1371 tamen

241 1389 311 1426 filii
322 1388 454 1439 pietas,
463 1387 765 1438 propinquorum
780 1399 920 1437 preces,
933 1386 1227 1424 adolescentium
1246 1400 1359 1438 squa-

244 1443 315 1489 lor,
349 1442 540 1490 majorum
572 1447 665 1477 natu
695 1440 887 1490 lacrymae,
920 1440 1109 1491 populum
1135 1441 1359 1487 Romanum

246 1508 399 1534 movere
417 1500 634 1545 potuerunt.

299 1550 406 1587 Nam
425 1548 470 1586 C.
492 1547 611 1585 Marii
640 1547 738 1598 (qui,
758 1553 843 1598 post
860 1547 945 1585 illos
972 1554 1112 1586 veteres
1135 1547 1359 1587 clarissimos

247 1603 475 1648 consulares,
495 1601 619 1639 vestra
636 1608 866 1652 patrumque
890 1601 1089 1650 memoria,
1116 1601 1248 1640 tertius
1270 1610 1358 1640 ante

246 1670 310 1696 me
329 1654 547 1703 consularis,
571 1654 687 1692 subiit
714 1654 1018 1705 indignissimam
1035 1655 1229 1693 fortunam
1258 1669 1358 1707 prae-

248 1709 479 1749 stantissima
493 1707 561 1746 sui>⁴
571 1708 706 1758 gloria)
720 1708 912 1745 dissimilis
924 1708 998 1746 fuit
1010 1708 1118 1746 ratio.
1148 1709 1240 1746 Non
1254 1709 1358 1746 enim

245 1765 312 1804 isse
337 1763 595 1824 deprecatione
623 1761 758 1807 rediit3
789 1761 867 1809 sed,
893 1761 933 1799 in
961 1761 1172 1814 [dissensu]
1200 1762 1357 1811 civium,

248 1817 414 1857 exercitu
439 1829 477 1854 se
501 1816 693 1866 armisque
711 1828 774 1853 rev
775 1815 907 1853 ocavit.
937 1816 1008 1853 Me
1036 1823 1180 1863 autem,
1208 1816 1360 1854 nudum

249 1887 273 1914 a
291 1870 528 1923 propinquis,
548 1870 657 1909 null-1
679 1869 900 1919 cognatione
927 1869 1137 1917 munitum,
1166 1870 1274 1907 nullo
1299 1883 1360 1908 ar-

250 1938 404 1964 morum
432 1936 475 1964 ac
493 1923 683 1964 tumultus
710 1930 831 1970 metu,
858 1922 903 1961 C.
925 1922 1089 1969 Pisonis,
1114 1922 1243 1974 generi
1267 1923 1358 1972 mei,

249 1980 380 2021 divina
399 1977 575 2029 quaedam
594 1985 631 2014 et
648 1976 819 2014 inaudita
843 1976 963 2026 pietas
991 1984 1106 2028 atque
1132 1976 1265 2025 virtus,
1285 1977 1362 2015 fra-

250 2034 393 2084 trisque
420 2031 497 2069 mei
523 2030 726 2068 miserrimi
755 2037 869 2081 atque
898 2030 1035 2080 optimi
1052 2029 1282 2081 quotidianae
1307 2031 1363 2069 la-

216 2130 217 2133 *
250 2099 406 2138 crymae,
426 2084 629 2135 sordesque
646 2083 840 2133 lugubres,
856 2096 879 2120 a
896 2082 1002 2121 vobis
1021 2083 1229 2134 deprecatae
1242 2091 1344 2122 sunt.

306 2141 439 2181 Frater
464 2145 543 2178 erat
563 2150 675 2185 unus,
704 2136 772 2188 qui
791 2149 858 2176 suo
877 2137 1051 2189 squalore
1075 2147 1224 2177 ves-tros
1236 2137 1365 2178 oculos
