<?xml version="1.0" encoding="UTF-8"?>
<!DOCTYPE html PUBLIC "-//W3C//DTD XHTML 1.0 Transitional//EN"
    "http://www.w3.org/TR/xhtml1/DTD/xhtml1-transitional.dtd">
<html xmlns="http://www.w3.org/1999/xhtml" xml:lang="en" lang="en">
 <head>
  <title>
</title>
<meta http-equiv="Content-Type" content="text/html;charset=utf-8" />
  <meta name='ocr-system' content='tesseract 3.04.00' />
  <meta name='ocr-capabilities' content='ocr_page ocr_carea ocr_par ocr_line ocrx_word'/>
</head>
<body>
  <div class='ocr_page' id='page_1' title='image "./operaern07ciceuoft_0243.png"; bbox 0 0 1425 2334; ppageno 0'>
   <div class='ocr_carea' id='block_1_1' title="bbox 295 95 1157 136">
    <p class='ocr_par' dir='ltr' id='par_1_1' title="bbox 295 95 1157 136">
     <span class='ocr_line' id='line_1_1' title="bbox 295 95 1157 136; baseline -0.002 -1"><span class='ocrx_word' id='word_1_1' title='bbox 295 97 408 136; x_wconf 88' lang='lat' dir='ltr'>PRO</span> <span class='ocrx_word' id='word_1_2' title='bbox 438 95 703 134; x_wconf 75' lang='lat' dir='ltr'><strong>PLANCIO·-</strong></span> <span class='ocrx_word' id='word_1_3' title='bbox 733 97 835 135; x_wconf 60' lang='lat' dir='ltr'>Car.</span> <span class='ocrx_word' id='word_1_4' title='bbox 862 98 918 133; x_wconf 77' lang='lat'>12.</span> <span class='ocrx_word' id='word_1_5' title='bbox 1082 97 1157 134; x_wconf 74' lang='lat'>229</span> 
     </span>
    </p>
   </div>
   <div class='ocr_carea' id='block_1_2' title="bbox 59 201 1168 2271">
    <p class='ocr_par' dir='ltr' id='par_1_2' title="bbox 59 201 1161 825">
     <span class='ocr_line' id='line_1_2' title="bbox 66 201 1159 255; baseline -0.002 -13"><span class='ocrx_word' id='word_1_6' title='bbox 66 204 249 255; x_wconf 67' lang='lat' dir='ltr'>plincipes</span> <span class='ocrx_word' id='word_1_7' title='bbox 266 203 459 242; x_wconf 80' lang='lat' dir='ltr'>civitatum</span> <span class='ocrx_word' id='word_1_8' title='bbox 479 215 657 247; x_wconf 85' lang='lat' dir='ltr'>suarum;</span> <span class='ocrx_word' id='word_1_9' title='bbox 689 203 769 253; x_wconf 90' lang='lat' dir='ltr'>qui,</span> <span class='ocrx_word' id='word_1_10' title='bbox 789 214 876 240; x_wconf 89' lang='lat' dir='ltr'>cum</span> <span class='ocrx_word' id='word_1_11' title='bbox 896 202 1000 240; x_wconf 88' lang='lat' dir='ltr'>missi</span> <span class='ocrx_word' id='word_1_12' title='bbox 1019 201 1093 240; x_wconf 88' lang='lat' dir='ltr'>sint</span> <span class='ocrx_word' id='word_1_13' title='bbox 1111 204 1159 240; x_wconf 92' lang='lat' dir='ltr'>ob</span> 
     </span>
     <span class='ocr_line' id='line_1_3' title="bbox 64 256 1159 306; baseline -0.003 -11"><span class='ocrx_word' id='word_1_14' title='bbox 64 258 178 296; x_wconf 81' lang='lat' dir='ltr'>aliam</span> <span class='ocrx_word' id='word_1_15' title='bbox 196 269 360 302; x_wconf 83' lang='lat' dir='ltr'>causam,</span> <span class='ocrx_word' id='word_1_16' title='bbox 375 264 514 303; x_wconf 89' lang='lat' dir='ltr'>tamen,</span> <span class='ocrx_word' id='word_1_17' title='bbox 534 256 649 305; x_wconf 90' lang='lat' dir='ltr'>hujus</span> <span class='ocrx_word' id='word_1_18' title='bbox 668 256 860 306; x_wconf 87' lang='lat' dir='ltr'>repentino</span> <span class='ocrx_word' id='word_1_19' title='bbox 872 256 1038 306; x_wconf 88' lang='lat' dir='ltr'>periculo</span> <span class='ocrx_word' id='word_1_20' title='bbox 1057 267 1159 293; x_wconf 83' lang='lat' dir='ltr'>corn·-</span> 
     </span>
     <span class='ocr_line' id='line_1_4' title="bbox 65 309 1160 360; baseline -0.003 -12"><span class='ocrx_word' id='word_1_21' title='bbox 65 310 172 355; x_wconf 87' lang='lat' dir='ltr'>moti,</span> <span class='ocrx_word' id='word_1_22' title='bbox 191 310 280 348; x_wconf 91' lang='lat' dir='ltr'>huic</span> <span class='ocrx_word' id='word_1_23' title='bbox 297 309 474 357; x_wconf 86' lang='lat' dir='ltr'>assident,</span> <span class='ocrx_word' id='word_1_24' title='bbox 494 322 562 360; x_wconf 88' lang='lat' dir='ltr'>pro</span> <span class='ocrx_word' id='word_1_25' title='bbox 580 309 651 347; x_wconf 92' lang='lat' dir='ltr'>hoc</span> <span class='ocrx_word' id='word_1_26' title='bbox 664 310 854 346; x_wconf 86' lang='lat' dir='ltr'>laborant:</span> <span class='ocrx_word' id='word_1_27' title='bbox 885 309 972 346; x_wconf 92' lang='lat' dir='ltr'>huic</span> <span class='ocrx_word' id='word_1_28' title='bbox 985 309 1015 346; x_wconf 90' lang='lat' dir='ltr'>si</span> <span class='ocrx_word' id='word_1_29' title='bbox 1026 315 1160 358; x_wconf 83' lang='lat' dir='ltr'>praesto</span> 
     </span>
     <span class='ocr_line' id='line_1_5' title="bbox 63 361 1158 413; baseline -0.003 -12"><span class='ocrx_word' id='word_1_30' title='bbox 63 363 217 409; x_wconf 85' lang='lat' dir='ltr'>fuerint,</span> <span class='ocrx_word' id='word_1_31' title='bbox 247 363 389 413; x_wconf 86' lang='lat' dir='ltr'>gratius</span> <span class='ocrx_word' id='word_1_32' title='bbox 418 376 456 400; x_wconf 89' lang='lat' dir='ltr'>se</span> <span class='ocrx_word' id='word_1_33' title='bbox 481 362 693 400; x_wconf 77' lang='lat' dir='ltr'>civitatibus</span> <span class='ocrx_word' id='word_1_34' title='bbox 723 362 798 400; x_wconf 86' lang='lat' dir='ltr'>suis</span> <span class='ocrx_word' id='word_1_35' title='bbox 827 361 989 399; x_wconf 86' lang='lat' dir='ltr'>facturos</span> <span class='ocrx_word' id='word_1_36' title='bbox 1012 368 1158 411; x_wconf 76' lang='lat' dir='ltr'>putant,</span> 
     </span>
     <span class='ocr_line' id='line_1_6' title="bbox 62 414 1157 467; baseline -0.003 -13"><span class='ocrx_word' id='word_1_37' title='bbox 62 429 178 467; x_wconf 91' lang='lat' dir='ltr'>quam</span> <span class='ocrx_word' id='word_1_38' title='bbox 198 415 229 454; x_wconf 88' lang='lat' dir='ltr'>si</span> <span class='ocrx_word' id='word_1_39' title='bbox 246 416 470 466; x_wconf 85' lang='lat' dir='ltr'>legationem</span> <span class='ocrx_word' id='word_1_40' title='bbox 489 423 525 453; x_wconf 88' lang='lat' dir='ltr'>et</span> <span class='ocrx_word' id='word_1_41' title='bbox 543 415 722 453; x_wconf 88' lang='lat' dir='ltr'>mandata</span> <span class='ocrx_word' id='word_1_42' title='bbox 746 428 813 452; x_wconf 89' lang='lat' dir='ltr'>sua</span> <span class='ocrx_word' id='word_1_43' title='bbox 835 414 1068 452; x_wconf 85' lang='lat' dir='ltr'>confecerint.</span> <span class='ocrx_word' id='word_1_44' title='bbox 1110 415 1157 451; x_wconf 75' lang='lat' dir='ltr'>IA-</span> 
     </span>
     <span class='ocr_line' id='line_1_7' title="bbox 61 467 1160 520; baseline -0.004 -13"><span class='ocrx_word' id='word_1_45' title='bbox 61 482 148 507; x_wconf 88' lang='lat' dir='ltr'>vero</span> <span class='ocrx_word' id='word_1_46' title='bbox 166 469 355 520; x_wconf 88' lang='lat' dir='ltr'>Apuleius</span> <span class='ocrx_word' id='word_1_47' title='bbox 372 469 474 506; x_wconf 90' lang='lat' dir='ltr'>hunc</span> <span class='ocrx_word' id='word_1_48' title='bbox 491 469 586 506; x_wconf 86' lang='lat' dir='ltr'>tanti</span> <span class='ocrx_word' id='word_1_49' title='bbox 605 468 706 515; x_wconf 87' lang='lat' dir='ltr'>facit,</span> <span class='ocrx_word' id='word_1_50' title='bbox 726 476 770 506; x_wconf 91' lang='lat' dir='ltr'>ut</span> <span class='ocrx_word' id='word_1_51' title='bbox 787 480 931 505; x_wconf 88' lang='lat' dir='ltr'>morem</span> <span class='ocrx_word' id='word_1_52' title='bbox 950 467 1059 504; x_wconf 89' lang='lat' dir='ltr'>illum</span> <span class='ocrx_word' id='word_1_53' title='bbox 1078 479 1160 504; x_wconf 88' lang='lat' dir='ltr'>ma-</span> 
     </span>
     <span class='ocr_line' id='line_1_8' title="bbox 59 520 1161 573; baseline -0.003 -13"><span class='ocrx_word' id='word_1_54' title='bbox 59 523 202 571; x_wconf 89' lang='lat' dir='ltr'>jorum,</span> <span class='ocrx_word' id='word_1_55' title='bbox 223 523 289 573; x_wconf 89' lang='lat' dir='ltr'>qui</span> <span class='ocrx_word' id='word_1_56' title='bbox 307 522 525 573; x_wconf 82' lang='lat' dir='ltr'>praescribit,</span> <span class='ocrx_word' id='word_1_57' title='bbox 544 522 584 558; x_wconf 91' lang='lat' dir='ltr'>in</span> <span class='ocrx_word' id='word_1_58' title='bbox 602 524 799 572; x_wconf 70' lang='lat' dir='ltr'>parentum</span> <span class='ocrx_word' id='word_1_59' title='bbox 817 521 899 558; x_wconf 91' lang='lat' dir='ltr'>loco</span> <span class='ocrx_word' id='word_1_60' title='bbox 913 520 1161 571; x_wconf 79' lang='lat' dir='ltr'>quaestoribus</span> 
     </span>
     <span class='ocr_line' id='line_1_9' title="bbox 61 574 1160 626; baseline -0.003 -13"><span class='ocrx_word' id='word_1_61' title='bbox 61 575 140 613; x_wconf 86' lang='lat' dir='ltr'>suis</span> <span class='ocrx_word' id='word_1_62' title='bbox 161 582 337 626; x_wconf 87' lang='lat' dir='ltr'>praetores</span> <span class='ocrx_word' id='word_1_63' title='bbox 362 588 439 613; x_wconf 86' lang='lat' dir='ltr'>esse</span> <span class='ocrx_word' id='word_1_64' title='bbox 461 582 643 625; x_wconf 74' lang='lat' dir='ltr'>oportere,</span> <span class='ocrx_word' id='word_1_65' title='bbox 670 574 798 612; x_wconf 89' lang='lat' dir='ltr'>officiis</span> <span class='ocrx_word' id='word_1_66' title='bbox 827 574 1160 624; x_wconf 55' lang='lat' dir='ltr'>benevolentiaque</span> 
     </span>
     <span class='ocr_line' id='line_1_10' title="bbox 63 627 1161 679; baseline -0.003 -13"><span class='ocrx_word' id='word_1_67' title='bbox 63 628 257 679; x_wconf 62' lang='lat' dir='ltr'>superarit.</span> <span class='ocrx_word' id='word_1_68' title='bbox 286 628 482 666; x_wconf 89' lang='lat' dir='ltr'>Tribunus</span> <span class='ocrx_word' id='word_1_69' title='bbox 500 628 618 678; x_wconf 86' lang='lat' dir='ltr'>plebis</span> <span class='ocrx_word' id='word_1_70' title='bbox 637 627 722 672; x_wconf 85' lang='lat' dir='ltr'>fuit,</span> <span class='ocrx_word' id='word_1_71' title='bbox 743 640 817 665; x_wconf 93' lang='lat' dir='ltr'>non</span> <span class='ocrx_word' id='word_1_72' title='bbox 836 627 990 664; x_wconf 85' lang='lat' dir='ltr'>fortasse</span> <span class='ocrx_word' id='word_1_73' title='bbox 1008 634 1086 663; x_wconf 88' lang='lat' dir='ltr'>tam</span> <span class='ocrx_word' id='word_1_74' title='bbox 1099 639 1161 664; x_wconf 87' lang='lat' dir='ltr'>ve-</span> 
     </span>
     <span class='ocr_line' id='line_1_11' title="bbox 64 679 1160 732; baseline -0.002 -14"><span class='ocrx_word' id='word_1_75' title='bbox 64 681 235 728; x_wconf 89' lang='lat' dir='ltr'>hemens,</span> <span class='ocrx_word' id='word_1_76' title='bbox 255 694 372 732; x_wconf 83' lang='lat' dir='ltr'>quam</span> <span class='ocrx_word' id='word_1_77' title='bbox 390 681 467 727; x_wconf 88' lang='lat' dir='ltr'>isti,</span> <span class='ocrx_word' id='word_1_78' title='bbox 497 694 590 732; x_wconf 87' lang='lat' dir='ltr'>quos</span> <span class='ocrx_word' id='word_1_79' title='bbox 618 688 660 718; x_wconf 87' lang='lat' dir='ltr'>tu</span> <span class='ocrx_word' id='word_1_80' title='bbox 685 682 770 730; x_wconf 86' lang='lat' dir='ltr'>jure</span> <span class='ocrx_word' id='word_1_81' title='bbox 791 680 948 724; x_wconf 82' lang='lat' dir='ltr'>laudas;</span> <span class='ocrx_word' id='word_1_82' title='bbox 980 679 1045 717; x_wconf 83' lang='lat' dir='ltr'>sed</span> <span class='ocrx_word' id='word_1_83' title='bbox 1064 685 1160 717; x_wconf 87' lang='lat' dir='ltr'>certe</span> 
     </span>
     <span class='ocr_line' id='line_1_12' title="bbox 63 732 1161 794; baseline -0.002 -22"><span class='ocrx_word' id='word_1_84' title='bbox 63 734 162 781; x_wconf 86' lang='lat' dir='ltr'>talis,</span> <span class='ocrx_word' id='word_1_85' title='bbox 176 735 305 785; x_wconf 89' lang='lat' dir='ltr'>quales</span> <span class='ocrx_word' id='word_1_86' title='bbox 319 735 351 771; x_wconf 87' lang='lat' dir='ltr'>si</span> <span class='ocrx_word' id='word_1_87' title='bbox 361 746 490 772; x_wconf 89' lang='lat' dir='ltr'>omnes</span> <span class='ocrx_word' id='word_1_88' title='bbox 505 747 650 784; x_wconf 89' lang='lat' dir='ltr'>semper</span> <span class='ocrx_word' id='word_1_89' title='bbox 668 734 838 781; x_wconf 85' lang='lat' dir='ltr'>fuissent,</span> <span class='ocrx_word' id='word_1_90' title='bbox 854 745 1052 794; x_wconf 88' lang='lat' dir='ltr'>nunquam</span> <span class='ocrx_word' id='word_1_91' title='bbox 1064 732 1161 770; x_wconf 81' lang='lat' dir='ltr'>desi·</span> 
     </span>
     <span class='ocr_line' id='line_1_13' title="bbox 63 787 744 825; baseline 0 -1"><span class='ocrx_word' id='word_1_92' title='bbox 63 787 212 825; x_wconf 86' lang='lat' dir='ltr'>deratus</span> <span class='ocrx_word' id='word_1_93' title='bbox 231 788 429 825; x_wconf 88' lang='lat' dir='ltr'>vehemens</span> <span class='ocrx_word' id='word_1_94' title='bbox 447 794 541 825; x_wconf 90' lang='lat' dir='ltr'>esset</span> <span class='ocrx_word' id='word_1_95' title='bbox 559 788 744 825; x_wconf 81' lang='lat' dir='ltr'>tribunus.</span> 
     </span>
    </p>

    <p class='ocr_par' dir='ltr' id='par_1_3' title="bbox 63 840 1164 1781">
     <span class='ocr_line' id='line_1_14' title="bbox 117 840 1161 892; baseline -0.002 -14"><span class='ocrx_word' id='word_1_96' title='bbox 117 840 218 878; x_wconf 91' lang='lat' dir='ltr'>XII.</span> <span class='ocrx_word' id='word_1_97' title='bbox 247 841 397 879; x_wconf 82' lang='lat' dir='ltr'>Omitto</span> <span class='ocrx_word' id='word_1_98' title='bbox 414 840 493 888; x_wconf 87' lang='lat' dir='ltr'>illa,</span> <span class='ocrx_word' id='word_1_99' title='bbox 514 854 599 892; x_wconf 89' lang='lat' dir='ltr'>quae</span> <span class='ocrx_word' id='word_1_100' title='bbox 618 840 648 878; x_wconf 91' lang='lat' dir='ltr'>si</span> <span class='ocrx_word' id='word_1_101' title='bbox 666 840 792 878; x_wconf 91' lang='lat' dir='ltr'>minus</span> <span class='ocrx_word' id='word_1_102' title='bbox 810 841 850 878; x_wconf 91' lang='lat' dir='ltr'>in</span> <span class='ocrx_word' id='word_1_103' title='bbox 869 853 979 878; x_wconf 75' lang='lat' dir='ltr'>scena</span> <span class='ocrx_word' id='word_1_104' title='bbox 997 846 1100 885; x_wconf 92' lang='lat' dir='ltr'>sunt,</span> <span class='ocrx_word' id='word_1_105' title='bbox 1121 845 1161 876; x_wconf 89' lang='lat' dir='ltr'>at</span> 
     </span>
     <span class='ocr_line' id='line_1_15' title="bbox 63 893 1161 944; baseline -0.001 -13"><span class='ocrx_word' id='word_1_106' title='bbox 63 902 174 939; x_wconf 90' lang='lat' dir='ltr'>certe,</span> <span class='ocrx_word' id='word_1_107' title='bbox 201 907 289 931; x_wconf 90' lang='lat' dir='ltr'>cum</span> <span class='ocrx_word' id='word_1_108' title='bbox 318 902 406 931; x_wconf 93' lang='lat' dir='ltr'>sunt</span> <span class='ocrx_word' id='word_1_109' title='bbox 434 894 592 944; x_wconf 85' lang='lat' dir='ltr'>prolata,</span> <span class='ocrx_word' id='word_1_110' title='bbox 624 893 853 931; x_wconf 84' lang='lat' dir='ltr'>laudantur:</span> <span class='ocrx_word' id='word_1_111' title='bbox 884 901 926 930; x_wconf 90' lang='lat' dir='ltr'>ut</span> <span class='ocrx_word' id='word_1_112' title='bbox 951 893 1052 930; x_wconf 86' lang='lat' dir='ltr'>vivat</span> <span class='ocrx_word' id='word_1_113' title='bbox 1073 904 1161 930; x_wconf 88' lang='lat' dir='ltr'>cum</span> 
     </span>
     <span class='ocr_line' id='line_1_16' title="bbox 64 945 1163 998; baseline -0.003 -14"><span class='ocrx_word' id='word_1_114' title='bbox 64 947 167 991; x_wconf 82' lang='lat' dir='ltr'>suis;</span> <span class='ocrx_word' id='word_1_115' title='bbox 195 948 364 997; x_wconf 87' lang='lat' dir='ltr'>primum</span> <span class='ocrx_word' id='word_1_116' title='bbox 383 959 469 984; x_wconf 88' lang='lat' dir='ltr'>cum</span> <span class='ocrx_word' id='word_1_117' title='bbox 489 955 655 998; x_wconf 90' lang='lat' dir='ltr'>parente,</span> <span class='ocrx_word' id='word_1_118' title='bbox 677 952 797 994; x_wconf 79' lang='lat' dir='ltr'>(nam,</span> <span class='ocrx_word' id='word_1_119' title='bbox 811 959 896 984; x_wconf 89' lang='lat' dir='ltr'>meo</span> <span class='ocrx_word' id='word_1_120' title='bbox 913 946 1067 995; x_wconf 87' lang='lat' dir='ltr'>judicio,</span> <span class='ocrx_word' id='word_1_121' title='bbox 1084 945 1163 995; x_wconf 73' lang='lat' dir='ltr'>pie-</span> 
     </span>
     <span class='ocr_line' id='line_1_17' title="bbox 63 999 1162 1050; baseline -0.001 -13"><span class='ocrx_word' id='word_1_122' title='bbox 63 1007 119 1038; x_wconf 85' lang='lat' dir='ltr'>tas</span> <span class='ocrx_word' id='word_1_123' title='bbox 133 999 423 1038; x_wconf 88' lang='lat' dir='ltr'>fundamentum</span> <span class='ocrx_word' id='word_1_124' title='bbox 437 1008 492 1037; x_wconf 90' lang='lat' dir='ltr'>est</span> <span class='ocrx_word' id='word_1_125' title='bbox 499 1000 670 1038; x_wconf 86' lang='lat' dir='ltr'>omnium</span> <span class='ocrx_word' id='word_1_126' title='bbox 679 999 878 1045; x_wconf 89' lang='lat' dir='ltr'>virtutum)</span> <span class='ocrx_word' id='word_1_127' title='bbox 889 1012 1003 1050; x_wconf 87' lang='lat' dir='ltr'>quem</span> <span class='ocrx_word' id='word_1_128' title='bbox 1016 1005 1162 1036; x_wconf 87' lang='lat' dir='ltr'>veretur</span> 
     </span>
     <span class='ocr_line' id='line_1_18' title="bbox 63 1050 1161 1104; baseline -0.003 -13"><span class='ocrx_word' id='word_1_129' title='bbox 63 1061 107 1090; x_wconf 92' lang='lat' dir='ltr'>ut</span> <span class='ocrx_word' id='word_1_130' title='bbox 125 1053 269 1101; x_wconf 88' lang='lat' dir='ltr'>Deum,</span> <span class='ocrx_word' id='word_1_131' title='bbox 290 1057 429 1104; x_wconf 87' lang='lat' dir='ltr'>(neque</span> <span class='ocrx_word' id='word_1_132' title='bbox 440 1053 540 1090; x_wconf 89' lang='lat' dir='ltr'>enim</span> <span class='ocrx_word' id='word_1_133' title='bbox 556 1060 611 1090; x_wconf 89' lang='lat' dir='ltr'>est</span> <span class='ocrx_word' id='word_1_134' title='bbox 621 1053 744 1089; x_wconf 88' lang='lat' dir='ltr'>multo</span> <span class='ocrx_word' id='word_1_135' title='bbox 756 1065 860 1090; x_wconf 83' lang='lat' dir='ltr'>secus</span> <span class='ocrx_word' id='word_1_136' title='bbox 875 1065 1006 1103; x_wconf 85' lang='lat' dir='ltr'>parens</span> <span class='ocrx_word' id='word_1_137' title='bbox 1017 1050 1161 1097; x_wconf 82' lang='lat' dir='ltr'>liberis)</span> 
     </span>
     <span class='ocr_line' id='line_1_19' title="bbox 64 1104 1162 1156; baseline -0.003 -12"><span class='ocrx_word' id='word_1_138' title='bbox 64 1114 168 1145; x_wconf 86' lang='lat' dir='ltr'>amat</span> <span class='ocrx_word' id='word_1_139' title='bbox 178 1119 264 1144; x_wconf 90' lang='lat' dir='ltr'>vero</span> <span class='ocrx_word' id='word_1_140' title='bbox 277 1114 318 1144; x_wconf 88' lang='lat' dir='ltr'>ut</span> <span class='ocrx_word' id='word_1_141' title='bbox 336 1106 518 1153; x_wconf 85' lang='lat' dir='ltr'>sodalem,</span> <span class='ocrx_word' id='word_1_142' title='bbox 532 1113 575 1144; x_wconf 91' lang='lat' dir='ltr'>ut</span> <span class='ocrx_word' id='word_1_143' title='bbox 589 1106 757 1153; x_wconf 86' lang='lat' dir='ltr'>fratrem,</span> <span class='ocrx_word' id='word_1_144' title='bbox 771 1113 815 1143; x_wconf 91' lang='lat' dir='ltr'>ut</span> <span class='ocrx_word' id='word_1_145' title='bbox 831 1106 1025 1156; x_wconf 85' lang='lat' dir='ltr'>aequalem.</span> <span class='ocrx_word' id='word_1_146' title='bbox 1054 1104 1162 1150; x_wconf 88' lang='lat' dir='ltr'>Quid</span> 
     </span>
     <span class='ocr_line' id='line_1_20' title="bbox 63 1157 1162 1210; baseline -0.003 -13"><span class='ocrx_word' id='word_1_147' title='bbox 63 1159 201 1206; x_wconf 90' lang='lat' dir='ltr'>dicam,</span> <span class='ocrx_word' id='word_1_148' title='bbox 232 1172 320 1197; x_wconf 89' lang='lat' dir='ltr'>cum</span> <span class='ocrx_word' id='word_1_149' title='bbox 350 1167 506 1210; x_wconf 91' lang='lat' dir='ltr'>patruo.</span> <span class='ocrx_word' id='word_1_150' title='bbox 498 1162 514 1187; x_wconf 88' lang='grc'><strong>9</strong></span> <span class='ocrx_word' id='word_1_151' title='bbox 544 1172 631 1197; x_wconf 89' lang='lat' dir='ltr'>cum</span> <span class='ocrx_word' id='word_1_152' title='bbox 659 1158 862 1196; x_wconf 84' lang='lat' dir='ltr'>affinibus?</span> <span class='ocrx_word' id='word_1_153' title='bbox 891 1171 977 1196; x_wconf 87' lang='lat' dir='ltr'>curn</span> <span class='ocrx_word' id='word_1_154' title='bbox 1007 1157 1162 1209; x_wconf 86' lang='lat' dir='ltr'>propin·-</span> 
     </span>
     <span class='ocr_line' id='line_1_21' title="bbox 64 1211 1162 1263; baseline -0.003 -13"><span class='ocrx_word' id='word_1_155' title='bbox 64 1213 179 1263; x_wconf 80' lang='lat' dir='ltr'>quis?</span> <span class='ocrx_word' id='word_1_156' title='bbox 209 1225 296 1250; x_wconf 91' lang='lat' dir='ltr'>cum</span> <span class='ocrx_word' id='word_1_157' title='bbox 307 1213 378 1250; x_wconf 91' lang='lat' dir='ltr'>hoc</span> <span class='ocrx_word' id='word_1_158' title='bbox 389 1212 434 1250; x_wconf 88' lang='lat' dir='ltr'>C.</span> <span class='ocrx_word' id='word_1_159' title='bbox 451 1213 666 1258; x_wconf 88' lang='lat' dir='ltr'>Saturnino,</span> <span class='ocrx_word' id='word_1_160' title='bbox 683 1212 917 1249; x_wconf 84' lang='lat' dir='ltr'>ornatissimo</span> <span class='ocrx_word' id='word_1_161' title='bbox 929 1211 1025 1249; x_wconf 88' lang='lat' dir='ltr'>viro.</span> <span class='ocrx_word' id='word_1_162' title='bbox 1017 1213 1034 1239; x_wconf 82' lang='grc'><strong>9</strong></span> <span class='ocrx_word' id='word_1_163' title='bbox 1055 1211 1162 1258; x_wconf 88' lang='lat' dir='ltr'>cujus</span> 
     </span>
     <span class='ocr_line' id='line_1_22' title="bbox 63 1263 1161 1317; baseline -0.003 -14"><span class='ocrx_word' id='word_1_164' title='bbox 63 1275 245 1317; x_wconf 88' lang='lat' dir='ltr'>quantam</span> <span class='ocrx_word' id='word_1_165' title='bbox 273 1265 424 1303; x_wconf 88' lang='lat' dir='ltr'>honoris</span> <span class='ocrx_word' id='word_1_166' title='bbox 452 1265 568 1314; x_wconf 86' lang='lat' dir='ltr'>hujus</span> <span class='ocrx_word' id='word_1_167' title='bbox 595 1264 838 1316; x_wconf 83' lang='lat' dir='ltr'>cupiditatem</span> <span class='ocrx_word' id='word_1_168' title='bbox 861 1265 974 1302; x_wconf 88' lang='lat' dir='ltr'>fuisse</span> <span class='ocrx_word' id='word_1_169' title='bbox 999 1263 1161 1311; x_wconf 85' lang='lat' dir='ltr'>creditis,</span> 
     </span>
     <span class='ocr_line' id='line_1_23' title="bbox 64 1316 1160 1365; baseline -0.003 -9"><span class='ocrx_word' id='word_1_170' title='bbox 64 1331 151 1357; x_wconf 90' lang='lat' dir='ltr'>cum</span> <span class='ocrx_word' id='word_1_171' title='bbox 170 1318 324 1356; x_wconf 79' lang='lat' dir='ltr'>videatis</span> <span class='ocrx_word' id='word_1_172' title='bbox 341 1319 463 1356; x_wconf 67' lang='lat' dir='ltr'>luctus</span> <span class='ocrx_word' id='word_1_173' title='bbox 481 1319 692 1356; x_wconf 88' lang='lat' dir='ltr'>societatem</span> <span class='ocrx_word' id='word_1_174' title='bbox 707 1320 723 1356; x_wconf 85' lang='lat'>?</span> <span class='ocrx_word' id='word_1_175' title='bbox 753 1317 861 1365; x_wconf 86' lang='lat' dir='ltr'>Quid</span> <span class='ocrx_word' id='word_1_176' title='bbox 878 1317 924 1355; x_wconf 89' lang='lat' dir='ltr'>de</span> <span class='ocrx_word' id='word_1_177' title='bbox 942 1330 1005 1355; x_wconf 90' lang='lat' dir='ltr'>me</span> <span class='ocrx_word' id='word_1_178' title='bbox 1023 1316 1160 1363; x_wconf 89' lang='lat' dir='ltr'>dicam,</span> 
     </span>
     <span class='ocr_line' id='line_1_24' title="bbox 65 1369 1163 1423; baseline -0.003 -13"><span class='ocrx_word' id='word_1_179' title='bbox 65 1372 133 1423; x_wconf 92' lang='lat' dir='ltr'>qui</span> <span class='ocrx_word' id='word_1_180' title='bbox 150 1372 260 1419; x_wconf 85' lang='lat' dir='ltr'>mihi,</span> <span class='ocrx_word' id='word_1_181' title='bbox 279 1371 320 1410; x_wconf 86' lang='lat' dir='ltr'>in</span> <span class='ocrx_word' id='word_1_182' title='bbox 343 1372 458 1421; x_wconf 91' lang='lat' dir='ltr'>hujus</span> <span class='ocrx_word' id='word_1_183' title='bbox 475 1372 655 1422; x_wconf 90' lang='lat' dir='ltr'>periculo,</span> <span class='ocrx_word' id='word_1_184' title='bbox 681 1384 766 1409; x_wconf 88' lang='lat' dir='ltr'>reus</span> <span class='ocrx_word' id='word_1_185' title='bbox 785 1384 863 1409; x_wconf 88' lang='lat' dir='ltr'>esse</span> <span class='ocrx_word' id='word_1_186' title='bbox 882 1371 1007 1408; x_wconf 90' lang='lat' dir='ltr'>videor</span> <span class='ocrx_word' id='word_1_187' title='bbox 1024 1372 1041 1408; x_wconf 75' lang='grc' dir='ltr'><em>Ρ</em></span> <span class='ocrx_word' id='word_1_188' title='bbox 1070 1369 1163 1420; x_wconf 87' lang='lat' dir='ltr'>quid</span> 
     </span>
     <span class='ocr_line' id='line_1_25' title="bbox 63 1423 1162 1475; baseline -0.003 -13"><span class='ocrx_word' id='word_1_189' title='bbox 63 1425 111 1462; x_wconf 91' lang='lat' dir='ltr'>de</span> <span class='ocrx_word' id='word_1_190' title='bbox 136 1425 196 1464; x_wconf 89' lang='lat' dir='ltr'>his</span> <span class='ocrx_word' id='word_1_191' title='bbox 225 1432 281 1463; x_wconf 85' lang='lat' dir='ltr'>tot</span> <span class='ocrx_word' id='word_1_192' title='bbox 298 1425 386 1463; x_wconf 85' lang='lat' dir='ltr'>viris</span> <span class='ocrx_word' id='word_1_193' title='bbox 414 1425 567 1472; x_wconf 84' lang='lat' dir='ltr'>talibus,</span> <span class='ocrx_word' id='word_1_194' title='bbox 591 1437 685 1475; x_wconf 93' lang='lat' dir='ltr'>quos</span> <span class='ocrx_word' id='word_1_195' title='bbox 704 1424 835 1462; x_wconf 90' lang='lat' dir='ltr'>videtis</span> <span class='ocrx_word' id='word_1_196' title='bbox 853 1431 953 1462; x_wconf 87' lang='lat' dir='ltr'>veste</span> <span class='ocrx_word' id='word_1_197' title='bbox 983 1423 1162 1460; x_wconf 56' lang='lat' dir='ltr'>mutata?</span> 
     </span>
     <span class='ocr_line' id='line_1_26' title="bbox 65 1477 1160 1529; baseline -0.003 -13"><span class='ocrx_word' id='word_1_198' title='bbox 65 1478 191 1529; x_wconf 86' lang='lat' dir='ltr'>Atqui</span> <span class='ocrx_word' id='word_1_199' title='bbox 207 1479 288 1517; x_wconf 87' lang='lat' dir='ltr'>haec</span> <span class='ocrx_word' id='word_1_200' title='bbox 306 1478 393 1516; x_wconf 85' lang='lat' dir='ltr'>sun&#39;t</span> <span class='ocrx_word' id='word_1_201' title='bbox 409 1478 547 1516; x_wconf 74' lang='lat' dir='ltr'>indicia</span> <span class='ocrx_word' id='word_1_202' title='bbox 565 1478 695 1524; x_wconf 85' lang='lat' dir='ltr'>solida,</span> <span class='ocrx_word' id='word_1_203' title='bbox 720 1477 877 1526; x_wconf 86' lang='lat' dir='ltr'>judices,</span> <span class='ocrx_word' id='word_1_204' title='bbox 897 1484 934 1514; x_wconf 89' lang='lat' dir='ltr'>et</span> <span class='ocrx_word' id='word_1_205' title='bbox 960 1488 1160 1526; x_wconf 82' lang='lat' dir='ltr'>expressa;</span> 
     </span>
     <span class='ocr_line' id='line_1_27' title="bbox 64 1529 1163 1582; baseline -0.003 -13"><span class='ocrx_word' id='word_1_206' title='bbox 64 1531 146 1569; x_wconf 88' lang='lat' dir='ltr'>haec</span> <span class='ocrx_word' id='word_1_207' title='bbox 162 1531 270 1582; x_wconf 87' lang='lat' dir='ltr'>signa</span> <span class='ocrx_word' id='word_1_208' title='bbox 287 1531 495 1582; x_wconf 73' lang='lat' dir='ltr'>probitatis,</span> <span class='ocrx_word' id='word_1_209' title='bbox 523 1543 599 1569; x_wconf 91' lang='lat' dir='ltr'>non</span> <span class='ocrx_word' id='word_1_210' title='bbox 623 1530 749 1568; x_wconf 77' lang='lat' dir='ltr'>fucata</span> <span class='ocrx_word' id='word_1_211' title='bbox 774 1530 912 1568; x_wconf 90' lang='lat' dir='ltr'>forensi</span> <span class='ocrx_word' id='word_1_212' title='bbox 937 1530 1070 1580; x_wconf 88' lang='lat' dir='ltr'>specie,</span> <span class='ocrx_word' id='word_1_213' title='bbox 1097 1529 1163 1566; x_wconf 90' lang='lat' dir='ltr'>sed</span> 
     </span>
     <span class='ocr_line' id='line_1_28' title="bbox 66 1583 1162 1623; baseline -0.003 -1"><span class='ocrx_word' id='word_1_214' title='bbox 66 1583 276 1622; x_wconf 87' lang='lat' dir='ltr'>domesticis</span> <span class='ocrx_word' id='word_1_215' title='bbox 288 1586 413 1623; x_wconf 88' lang='lat' dir='ltr'>inusta</span> <span class='ocrx_word' id='word_1_216' title='bbox 424 1584 521 1622; x_wconf 88' lang='lat' dir='ltr'>notis</span> <span class='ocrx_word' id='word_1_217' title='bbox 533 1584 709 1622; x_wconf 84' lang='lat' dir='ltr'>veritatis.</span> <span class='ocrx_word' id='word_1_218' title='bbox 737 1583 875 1621; x_wconf 79' lang='lat' dir='ltr'>Facilis</span> <span class='ocrx_word' id='word_1_219' title='bbox 889 1590 945 1620; x_wconf 89' lang='lat' dir='ltr'>est</span> <span class='ocrx_word' id='word_1_220' title='bbox 955 1583 1021 1620; x_wconf 89' lang='lat' dir='ltr'>illa</span> <span class='ocrx_word' id='word_1_221' title='bbox 1034 1595 1120 1620; x_wconf 87' lang='lat' dir='ltr'>occu</span> <span class='ocrx_word' id='word_1_222' title='bbox 1126 1595 1162 1619; x_wconf 92' lang='lat' dir='ltr'>r-</span> 
     </span>
     <span class='ocr_line' id='line_1_29' title="bbox 67 1636 1162 1697; baseline -0.003 -22"><span class='ocrx_word' id='word_1_223' title='bbox 67 1637 161 1675; x_wconf 86' lang='lat' dir='ltr'>satio</span> <span class='ocrx_word' id='word_1_224' title='bbox 179 1644 217 1675; x_wconf 90' lang='lat' dir='ltr'>et</span> <span class='ocrx_word' id='word_1_225' title='bbox 232 1637 414 1675; x_wconf 84' lang='lat' dir='ltr'>blanditia</span> <span class='ocrx_word' id='word_1_226' title='bbox 430 1638 644 1688; x_wconf 84' lang='lat' dir='ltr'>popularis:</span> <span class='ocrx_word' id='word_1_227' title='bbox 674 1636 890 1697; x_wconf 87' lang='lat' dir='ltr'>adspicitur,</span> <span class='ocrx_word' id='word_1_228' title='bbox 903 1648 979 1674; x_wconf 92' lang='lat' dir='ltr'>non</span> <span class='ocrx_word' id='word_1_229' title='bbox 991 1642 1162 1673; x_wconf 86' lang='lat' dir='ltr'>attrecta-</span> 
     </span>
     <span class='ocr_line' id='line_1_30' title="bbox 67 1689 1164 1749; baseline -0.001 -22"><span class='ocrx_word' id='word_1_230' title='bbox 67 1697 156 1735; x_wconf 84' lang='lat' dir='ltr'>tur;</span> <span class='ocrx_word' id='word_1_231' title='bbox 185 1692 316 1749; x_wconf 80' lang='lat' dir='ltr'>procul</span> <span class='ocrx_word' id='word_1_232' title='bbox 336 1697 504 1742; x_wconf 89' lang='lat' dir='ltr'>apparet,</span> <span class='ocrx_word' id='word_1_233' title='bbox 524 1702 600 1728; x_wconf 86' lang='lat' dir='ltr'>non</span> <span class='ocrx_word' id='word_1_234' title='bbox 624 1690 826 1739; x_wconf 80' lang='lat' dir='ltr'>excutitur,</span> <span class='ocrx_word' id='word_1_235' title='bbox 857 1701 933 1728; x_wconf 90' lang='lat' dir='ltr'>non</span> <span class='ocrx_word' id='word_1_236' title='bbox 961 1689 1001 1727; x_wconf 89' lang='lat' dir='ltr'>in</span> <span class='ocrx_word' id='word_1_237' title='bbox 1027 1700 1164 1727; x_wconf 89' lang='lat' dir='ltr'>manus</span> 
     </span>
     <span class='ocr_line' id='line_1_31' title="bbox 68 1743 242 1781; baseline 0 -1"><span class='ocrx_word' id='word_1_238' title='bbox 68 1743 242 1781; x_wconf 87' lang='lat' dir='ltr'>sumitur.</span> 
     </span>
    </p>

    <p class='ocr_par' dir='ltr' id='par_1_4' title="bbox 66 1795 1166 2102">
     <span class='ocr_line' id='line_1_32' title="bbox 122 1795 1164 1848; baseline -0.001 -15"><span class='ocrx_word' id='word_1_239' title='bbox 122 1795 314 1836; x_wconf 88' lang='lat' dir='ltr'>Omnibus</span> <span class='ocrx_word' id='word_1_240' title='bbox 331 1797 446 1848; x_wconf 87' lang='lat' dir='ltr'>igitur</span> <span class='ocrx_word' id='word_1_241' title='bbox 463 1799 574 1836; x_wconf 87' lang='lat' dir='ltr'>rebus</span> <span class='ocrx_word' id='word_1_242' title='bbox 591 1803 766 1835; x_wconf 85' lang='lat' dir='ltr'>ornatum</span> <span class='ocrx_word' id='word_1_243' title='bbox 783 1795 992 1843; x_wconf 91' lang='lat' dir='ltr'>hominem,</span> <span class='ocrx_word' id='word_1_244' title='bbox 1005 1802 1084 1833; x_wconf 82' lang='lat' dir='ltr'>tam</span> <span class='ocrx_word' id='word_1_245' title='bbox 1098 1806 1164 1832; x_wconf 83' lang='lat' dir='ltr'>ex-</span> 
     </span>
     <span class='ocr_line' id='line_1_33' title="bbox 69 1848 1163 1900; baseline -0.002 -14"><span class='ocrx_word' id='word_1_246' title='bbox 69 1849 184 1887; x_wconf 90' lang='lat' dir='ltr'>ternis</span> <span class='ocrx_word' id='word_1_247' title='bbox 203 1863 319 1900; x_wconf 89' lang='lat' dir='ltr'>quam</span> <span class='ocrx_word' id='word_1_248' title='bbox 337 1850 571 1896; x_wconf 82' lang='lat' dir='ltr'>domesticis;</span> <span class='ocrx_word' id='word_1_249' title='bbox 605 1850 797 1888; x_wconf 84' lang='lat' dir='ltr'>nonnullis</span> <span class='ocrx_word' id='word_1_250' title='bbox 811 1852 922 1888; x_wconf 90' lang='lat' dir='ltr'>rebus</span> <span class='ocrx_word' id='word_1_251' title='bbox 935 1848 1163 1893; x_wconf 86' lang='lat' dir='ltr'>inferiorem,</span> 
     </span>
     <span class='ocr_line' id='line_1_34' title="bbox 68 1900 1164 1963; baseline -0.003 -23"><span class='ocrx_word' id='word_1_252' title='bbox 68 1914 185 1963; x_wconf 82' lang='lat' dir='ltr'>quam</span> <span class='ocrx_word' id='word_1_253' title='bbox 204 1910 254 1950; x_wconf 89' lang='lat' dir='ltr'>te,</span> <span class='ocrx_word' id='word_1_254' title='bbox 274 1903 418 1954; x_wconf 88' lang='lat' dir='ltr'>generis</span> <span class='ocrx_word' id='word_1_255' title='bbox 436 1910 473 1941; x_wconf 89' lang='lat' dir='ltr'>et</span> <span class='ocrx_word' id='word_1_256' title='bbox 490 1903 666 1950; x_wconf 89' lang='lat' dir='ltr'>nominis,</span> <span class='ocrx_word' id='word_1_257' title='bbox 682 1903 790 1949; x_wconf 83' lang='lat' dir='ltr'>dico,</span> <span class='ocrx_word' id='word_1_258' title='bbox 779 1917 789 1927; x_wconf 92' lang='lat'><strong>·</strong></span> <span class='ocrx_word' id='word_1_259' title='bbox 819 1903 1048 1953; x_wconf 84' lang='lat' dir='ltr'>superiorem</span> <span class='ocrx_word' id='word_1_260' title='bbox 1067 1900 1164 1946; x_wconf 85' lang='lat' dir='ltr'>aliis,</span> 
     </span>
     <span class='ocr_line' id='line_1_35' title="bbox 66 1955 1166 2007; baseline -0.003 -15"><span class='ocrx_word' id='word_1_261' title='bbox 66 1955 318 2007; x_wconf 88' lang='lat' dir='ltr'>municipum,</span> <span class='ocrx_word' id='word_1_262' title='bbox 331 1956 552 2005; x_wconf 88' lang='lat' dir='ltr'>vicinorum,</span> <span class='ocrx_word' id='word_1_263' title='bbox 568 1956 785 1995; x_wconf 87' lang='lat' dir='ltr'>societatum</span> <span class='ocrx_word' id='word_1_264' title='bbox 800 1956 936 2002; x_wconf 89' lang='lat' dir='ltr'>studio,</span> <span class='ocrx_word' id='word_1_265' title='bbox 951 1962 1166 2004; x_wconf 91' lang='lat' dir='ltr'>temporum</span> 
     </span>
     <span class='ocr_line' id='line_1_36' title="bbox 68 2007 1166 2061; baseline -0.004 -16"><span class='ocrx_word' id='word_1_266' title='bbox 68 2019 241 2047; x_wconf 87' lang='lat' dir='ltr'>meorum</span> <span class='ocrx_word' id='word_1_267' title='bbox 264 2009 472 2055; x_wconf 84' lang='lat' dir='ltr'>memoria;</span> <span class='ocrx_word' id='word_1_268' title='bbox 501 2022 631 2061; x_wconf 85' lang='lat' dir='ltr'>parem</span> <span class='ocrx_word' id='word_1_269' title='bbox 653 2009 803 2056; x_wconf 89' lang='lat' dir='ltr'>virtute,</span> <span class='ocrx_word' id='word_1_270' title='bbox 830 2007 1054 2059; x_wconf 82' lang='lat' dir='ltr'>integritate,</span> <span class='ocrx_word' id='word_1_271' title='bbox 1082 2017 1166 2042; x_wconf 90' lang='lat' dir='ltr'>mo-</span> 
     </span>
     <span class='ocr_line' id='line_1_37' title="bbox 69 2060 842 2107; baseline 0.003 -9"><span class='ocrx_word' id='word_1_272' title='bbox 69 2060 214 2107; x_wconf 81' lang='lat' dir='ltr'>destia;</span> <span class='ocrx_word' id='word_1_273' title='bbox 244 2063 391 2100; x_wconf 86' lang='lat' dir='ltr'>aedilem</span> <span class='ocrx_word' id='word_1_274' title='bbox 396 2062 552 2104; x_wconf 84' lang='lat' dir='ltr'>factum</span> <span class='ocrx_word' id='word_1_275' title='bbox 570 2076 648 2101; x_wconf 87' lang='lat' dir='ltr'>esse</span> <span class='ocrx_word' id='word_1_276' title='bbox 665 2063 835 2101; x_wconf 84' lang='lat' dir='ltr'>miraris.</span> <span class='ocrx_word' id='word_1_277' title='bbox 825 2065 842 2089; x_wconf 86' lang='grc'><strong>9</strong></span> 
     </span>
    </p>

    <p class='ocr_par' dir='ltr' id='par_1_5' title="bbox 68 2111 1168 2220">
     <span class='ocr_line' id='line_1_38' title="bbox 122 2111 1168 2167; baseline -0.003 -16"><span class='ocrx_word' id='word_1_278' title='bbox 122 2113 240 2154; x_wconf 89' lang='lat' dir='ltr'>Hunc</span> <span class='ocrx_word' id='word_1_279' title='bbox 259 2123 300 2153; x_wconf 92' lang='lat' dir='ltr'>tu</span> <span class='ocrx_word' id='word_1_280' title='bbox 320 2116 406 2154; x_wconf 87' lang='lat' dir='ltr'>vitae</span> <span class='ocrx_word' id='word_1_281' title='bbox 422 2116 659 2167; x_wconf 88' lang='lat' dir='ltr'>splendorem</span> <span class='ocrx_word' id='word_1_282' title='bbox 678 2116 835 2154; x_wconf 90' lang='lat' dir='ltr'>maculis</span> <span class='ocrx_word' id='word_1_283' title='bbox 849 2113 1038 2165; x_wconf 86' lang='lat' dir='ltr'>adspergis</span> <span class='ocrx_word' id='word_1_284' title='bbox 1055 2111 1158 2150; x_wconf 85' lang='lat' dir='ltr'>istis.</span> <span class='ocrx_word' id='word_1_285' title='bbox 1148 2113 1168 2135; x_wconf 82' lang='grc'><strong>9</strong></span> 
     </span>
     <span class='ocr_line' id='line_1_39' title="bbox 68 2164 1168 2220; baseline -0.002 -16"><span class='ocrx_word' id='word_1_286' title='bbox 68 2167 173 2205; x_wconf 79' lang='lat' dir='ltr'>Jacis</span> <span class='ocrx_word' id='word_1_287' title='bbox 192 2168 388 2215; x_wconf 81' lang='lat' dir='ltr'>adulteria,</span> <span class='ocrx_word' id='word_1_288' title='bbox 403 2183 489 2220; x_wconf 86' lang='lat' dir='ltr'>quae</span> <span class='ocrx_word' id='word_1_289' title='bbox 500 2182 625 2217; x_wconf 89' lang='lat' dir='ltr'>nemo,</span> <span class='ocrx_word' id='word_1_290' title='bbox 641 2182 716 2208; x_wconf 88' lang='lat' dir='ltr'>non</span> <span class='ocrx_word' id='word_1_291' title='bbox 735 2169 848 2208; x_wconf 87' lang='lat' dir='ltr'>modo</span> <span class='ocrx_word' id='word_1_292' title='bbox 862 2167 1027 2213; x_wconf 86' lang='lat' dir='ltr'>nomine,</span> <span class='ocrx_word' id='word_1_293' title='bbox 1043 2164 1112 2205; x_wconf 83' lang='lat' dir='ltr'>sed</span> <span class='ocrx_word' id='word_1_294' title='bbox 1119 2176 1168 2202; x_wconf 86' lang='lat' dir='ltr'>ne</span> 
     </span>
    </p>

    <p class='ocr_par' dir='ltr' id='par_1_6' title="bbox 123 2221 896 2271">
     <span class='ocr_line' id='line_1_40' title="bbox 123 2221 896 2271; baseline 0.001 -14"><span class='ocrx_word' id='word_1_295' title='bbox 123 2221 272 2271; x_wconf 76' lang='lat' dir='ltr'>(Orat.)</span> <span class='ocrx_word' id='word_1_296' title='bbox 295 2233 397 2261; x_wconf 83' lang='lat' dir='ltr'>v.01</span> <span class='ocrx_word' id='word_1_297' title='bbox 422 2233 491 2260; x_wconf 92' lang='lat'>111.</span> <span class='ocrx_word' id='word_1_298' title='bbox 868 2232 896 2258; x_wconf 88' lang='lat' dir='ltr'>x</span> 
     </span>
    </p>
   </div>
  </div>
 </body>
</html>
