1425 2334
374 81 493 123 PRO
520 81 720 123 SULLA.
749 81 854 122 CAP.
882 81 948 122 31.
1164 78 1216 123 75

112 185 311 235 rationem,
330 187 398 239 qui
415 188 643 240 patefecerit,
662 188 730 240 qui
743 187 979 250 oppresserit,
992 186 1054 226 cui
1067 193 1218 227 senatus

116 239 371 290 singularibus
385 242 506 280 verbis
524 242 662 292 gratias
674 243 803 292 egerit,
823 241 885 279 cui
903 241 970 279 uni
986 248 1112 291 togato
1126 253 1218 291 sup-

115 293 356 344 plicationem
366 294 580 342 decreverit,
593 295 735 333 dicere
725 307 764 332 m
773 294 929 343 judicio,
951 297 979 316 “
988 295 1026 331 N
1031 306 1079 331 on
1091 294 1219 331 defen-

117 345 259 393 derem,
279 347 310 384 si
328 348 596 408 conjurasset.”
626 348 717 386 Non
737 348 819 386 dico
830 347 883 394 id,
899 347 1001 398 (111οᾶ
1015 360 1127 397 grave
1139 354 1216 384 est:

118 398 202 436 (1100
213 399 323 446 illud,
337 401 453 451 quod,
466 401 504 438 in
517 401 575 438 his
587 401 707 439 causis
719 400 998 449 conjurationis,
1007 412 1080 437 non
1093 407 1221 437 aucto-

120 451 222 489 ritati
233 465 438 512 assumam,
447 454 510 492 sed
519 454 654 504 pudori
667 467 763 491 meo.
784 454 870 503 Ego
880 453 943 490 ille
955 452 1220 501 conjurationis

118 500 364 570 investigator
375 514 489 558 atque
499 507 612 555 ultor,
627 514 723 545 certe
729 519 804 544 non
813 506 1048 552 defenderem
1058 506 1219 551 Sullam,

121 556 154 595 si
172 559 385 607 conjurasse
403 560 613 598 arbitrarer.
642 560 743 610 Ego,
760 559 919 608 judices,
943 559 989 596 de
1008 558 1121 595 tantis
1140 571 1222 595 om-

121 610 230 648 nium
242 612 415 662 periculis
423 626 511 651 cum
525 625 731 664 quaererem
746 613 886 672 omnia,
900 612 1022 649 multa
1036 611 1220 657 audirem,

122 675 199 701 non
211 664 397 703 crederem
410 667 550 713 omnia,
567 679 736 703 caverem
747 666 898 710 omnia,
888 679 897 689 ·
929 665 1011 703 dico
1023 665 1107 711 hoc,
1121 664 1223 715 quod

123 716 231 755 initio
249 717 343 765 dixi,
364 719 505 757 nullius
523 719 675 767 indicio,
689 720 830 756 nullius
845 718 1065 769 suspicione,
1082 718 1225 754 nullius

124 769 241 808 literis
262 769 329 820 [de
346 773 551 823 republica,
573 773 618 810 P.
632 773 770 825 Sullae]
790 784 870 810 rem
882 772 1001 809 ullam
1012 771 1062 808 ad
1074 783 1137 808 me
1149 783 1226 808 esse

123 822 300 861 delatam.

179 876 341 915 XXXI.
358 877 618 926 Quamobrem
630 892 708 939 vos,
724 878 792 916 Dii
805 878 917 930 patrii
929 890 971 916 ac
982 883 1147 937 penates,
1161 876 1228 926 qui

126 928 216 968 huic
234 931 319 968 urbi
338 939 451 982 atque
468 931 584 970 huic'
575 932 733 983 imperio
751 931 969 983 praesidetis,
989 930 1057 981 qui
1073 929 1228 967 11001111-

126 982 289 1032 perium,
299 984 366 1034 qui
376 985 472 1023 hanc
483 985 708 1033 libertatem,
721 985 983 1036 populumque
990 985 1227 1029 Romanum,

127 1035 196 1085 (1111
214 1036 293 1074 haec
311 1043 407 1075 tecta
424 1046 537 1088 atque
559 1039 714 1089 templa,
743 1051 805 1076 me
834 1038 998 1086 consule,
1019 1044 1139 1075 vestro
1157 1049 1230 1073 nu-

127 1089 232 1127 mine
256 1090 472 1142 auxilioque
491 1091 676 1139 servastis,
697 1099 824 1139 testor,
844 1091 988 1141 integro
1007 1103 1070 1127 me
1087 1089 1230 1136 animo,

127 1154 172 1179 ac
185 1143 316 1190 libero,
338 1144 382 1181 Ρ.
403 1144 520 1183 Sullae
539 1157 690 1182 causam
709 1143 931 1189 defendere,
961 1143 1112 1180 nullum
1130 1156 1153 1179 a
1169 1154 1232 1179 me

124 1195 266 1234 >sciente
284 1195 429 1235 facinus
447 1198 648 1243 occultari3
678 1198 829 1235 nullum
851 1197 984 1244 scelus,
1016 1202 1230 1246 susceptum

131 1256 261 1286 contra
271 1250 431 1288 salutem
445 1251 634 1299 omnium,
647 1251 797 1289 defendi
809 1264 851 1288 ac
862 1250 950 1300 tegi.
980 1249 1091 1287 Nihil
1105 1248 1151 1285 de
1162 1248 1233 1285 hoc

132 1302 263 1339 consul
281 1304 459 1353 comperi,
490 1304 587 1341 nihil
615 1304 824 1354 suspicatus
845 1316 946 1351 sum,
976 1302 1072 1340 nihil
1093 1300 1233 1339 audivi.

134 1354 272 1405 Itaque
290 1355 392 1392 idem
410 1368 479 1406 ego
497 1355 574 1402 ille,
595 1356 663 1406 qui
681 1357 881 1394 vehemens
899 1356 939 1393 in
958 1356 1064 1403 alios,
1089 1354 1156 1405 qui
1178 1354 1237 1390 inm

137 1407 336 1445 exorabilis
353 1408 394 1445 in
413 1415 577 1456 caeteros,
597 1420 675 1446 esse
688 1409 790 1446 visus
802 1422 901 1456 sum,
917 1409 1074 1459 persolvi
1091 1407 1236 1458 patriae,

136 1460 241 1512 quod
258 1460 395 1499 debui:
426 1461 572 1512 reliqua
586 1461 668 1509 jam.
694 1474 717 1498 a
734 1474 796 1499 me
814 1474 910 1498 meae
931 1468 1122 1512 perpetuae
1149 1472 1238 1497 con-

136 1514 327 1551 suetudini
341 1522 560 1565 naturaeque
578 1513 773 1551 debentur.
803 1514 905 1551 Tam
917 1526 1002 1550 sum
1016 1513 1237 1558 misericors,

133 1566 293 1616 judices,
332 1580 449 1618 quam
478 1580 568 1612 vos;
598 1574 678 1604 tam
707 1567 824 1615 mitis,
851 1579 968 1617 quam
1001 1566 1068 1616 qui
1096 1565 1241 1603 lenissi-

138 1632 237 1658 mus.
267 1621 316 1658 In
335 1633 413 1671 quo
428 1620 629 1658 vehemens
646 1619 704 1657 fui
723 1620 930 1666 vobiscum,
950 1618 1046 1656 nihil
1064 1618 1148 1665 feci,
1169 1618 1242 1655 nisi

141 1680 313 1711 coactus:
347 1673 564 1725 reipublicae
587 1673 837 1724 praecipitanti
862 1672 1042 1710 subveni:
1081 1671 1243 1722 patriam

142 1725 352 1764 demersam
371 1727 515 1765 extuli.
544 1726 798 1765 misericordia
816 1726 955 1764 civium
975 1725 1140 1773 adducti,
1153 1730 1243 1762 tunc

143 1778 287 1817 fuimus
315 1787 396 1818 tam
420 1780 671 1829 vehementes,
698 1793 816 1831 quam
844 1791 991 1817 necesse
1014 1778 1112 1816 fuit·
1142 1778 1243 1815 salus

143 1839 238 1870 esset
249 1833 422 1870 omnium
433 1833 569 1871 amissa
579 1833 658 1871 una
668 1840 790 1881 nocte,
803 1832 875 1870 11151
889 1838 982 1870 esset
993 1830 1166 1870 severitas
1177 1830 1244 1867 illa

142 1892 324 1936 suscepta.
353 1886 442 1934 Sed,
462 1893 506 1924 ut
523 1886 572 1924 ad
589 1887 852 1925 sceleratorum
870 1898 1017 1945 poenam
1033 1897 1160 1921 amore
1174 1883 1246 1921 rei-

143 1937 307 1989 publicae
333 1951 418 1976 sum
447 1939 644 1989 adductus,
673 1939 725 1977 sic
742 1939 791 1977 ad
809 1939 969 1977 salutem
987 1936 1245 1975 innocentium

143 1991 337 2029 voluntate
355 1991 528 2030 deducor.

199 2044 311 2082 Nihil
329 2044 436 2082 video
454 2058 531 2084 esse
549 2046 589 2083 in
606 2045 679 2084 hoc
693 2046 739 2083 P.
753 2044 876 2092 Sulla,
893 2044 1051 2094 judices,
1067 2042 1152 2081 odio
1164 2040 1247 2092 dig-

145 2109 257 2145 num,
276 2097 530 2136 misericordia
548 2099 664 2148 digna
681 2099 816 2138 multa.
847 2098 986 2149 Neque
1010 2097 1111 2134 enim
1130 2106 1246 2139 nunc,

144 2150 410 2201 propulsandae
429 2151 652 2189 calamitatis
670 2164 748 2189 suae
766 2164 893 2198 031153,
923 2150 1084 2200 supplex
1103 2147 1151 2185 ad
1169 2159 1250 2194 vos,

144 2202 304 2253 judices,
324 2203 518 2255 confugit.
548 2203 615 2243 sed
631 2216 680 2243 ne
697 2217 775 2255 qua
800 2203 928 2254 generi
952 2215 996 2242 ac
1021 2199 1167 2241 nomini
1184 2211 1252 2238 suo
