1425 2334
367 83 478 122 PRO
506 83 728 122 SEXTIO.
760 83 862 121 CAP.
883 84 947 127 37.
1128 85 1205 122 295

113 198 184 237 toe,
204 190 275 228 nisi
294 190 389 227 forte
405 189 472 227 mo
491 190 664 227 Cinnano
682 197 795 240 atque
815 190 1025 227 Octaviano
1043 189 1117 235 die,
1131 190 1219 240 quis

115 255 286 294 unquam
303 243 343 280 in
367 242 449 280 foro
468 242 562 280 vidit
575 244 593 281 ἶ)
622 242 698 293 qua
717 256 764 280 ex
784 242 1053 280 concertatione
1072 243 1220 281 animo-

114 298 232 334 rum?
262 296 382 342 Nam,
409 308 456 333 ex
474 295 678 346 pertinacia
696 303 762 333 aut
780 296 987 333 constantia
1005 296 1220 334 intercesso-

115 349 181 396 ris,
196 348 314 386 oritur
333 361 430 400 saepe
444 349 588 387 seditio.
610 349 723 399 culpa
742 355 856 399 atque
874 349 1114 399 improbitate
1125 350 1221 387 lato-

115 402 180 448 ris,
200 402 398 440 commodo
422 402 550 453 aliquo
567 402 764 452 imperitis,
786 410 853 440 aut
869 402 1067 452 largitione
1086 415 1222 463 propo-

116 455 213 493 sita.
243 455 361 493 oritur
388 468 435 493 ex
460 455 730 494 concertatione
757 455 1075 509 magistratuum.
1106 456 1224 492 oritur

115 508 253 547 sensim
273 521 320 546 ex
338 510 500 547 elamore
511 509 693 559 primum,
708 504 844 546 deinde
858 508 986 559 aliqua
1005 508 1224 546 discessione

115 561 326 600 concioms:
358 562 436 609 vix,
457 575 551 608 sero,
572 570 609 599 et
626 574 724 608 raro,
751 561 799 599 ad
823 574 961 599 manus
979 562 1221 612 pervenitur.

114 615 222 653 nullo
240 628 327 653 vero
345 617 459 653 verbo
476 615 588 662 facto,
604 616 711 652 nulla
722 615 897 653 concione
911 614 1103 663 advocata,
1117 615 1226 652 nulla

116 667 199 718 lege
217 669 385 717 recitata,
404 669 627 706 concitatam
647 675 871 706 nocturnam
896 668 1120 706 seditionem
1138 668 1223 720 quis

119 721 265 759 audivit
275 721 293 757 Ρ

170 775 239 812 An
258 775 458 813 verisimile
470 781 538 822 est,
559 782 603 812 ut
621 775 710 813 civis
728 777 942 821 Romanus,
963 782 1029 812 aut
1046 774 1161 813 homo
1179 775 1226 812 li-

118 829 185 866 ber
202 827 420 880 quisquam,
441 841 528 866 cum
547 828 673 879 gladio
691 828 731 866 in
749 829 876 866 forum
894 828 1123 866 descenderit
1142 836 1228 866 ante

118 881 258 928 lucem,
285 894 332 919 ne
357 881 404 920 de
427 894 491 919 me
515 881 603 919 ferri
621 889 823 932 pateretur,
849 892 984 932 praeter
1010 894 1072 919 eos
1092 881 1158 932 qui
1177 884 1226 919 ab

116 933 183 972 illo
211 935 386 985 pestifero
412 948 455 972 ac
482 935 628 985 perdito
650 935 728 972 cive
753 935 983 985 jampridem
1010 934 1227 986 reipublicae

119 988 302 1038 sanguine
329 988 581 1039 saginantur?
623 988 702 1026 Hic
725 989 807 1037 jam
834 988 881 1025 de
908 988 990 1039 ipso
1017 995 1229 1026 accusatore

117 1053 260 1091 quaero,
298 1042 365 1092 qui
393 1043 437 1079 P.
468 1041 641 1079 Sextium
669 1042 839 1092 queritur
866 1054 954 1079 cum
981 1040 1229 1078 multitudine

118 1094 159 1130 in
174 1094 370 1132 tribunatu
390 1102 426 1132 et
441 1107 528 1133 cum
547 1094 720 1145 praesidio
739 1107 879 1144 magno
898 1094 1025 1141 fuisse,
1046 1106 1141 1132 num
1162 1094 1229 1132 illo

120 1146 181 1184 die
191 1147 316 1185 fuerit.
346 1148 470 1195 Certe,
485 1155 582 1186 certe
596 1160 671 1185 non
686 1148 771 1187 fuit.
797 1148 910 1185 Victa
923 1147 1039 1197 igitur
1051 1154 1106 1185 est
1117 1160 1229 1184 causa

118 1199 348 1251 reipublicae,
369 1209 406 1239 et
423 1201 533 1248 victa,
554 1214 630 1239 non
650 1201 839 1252 auspiciis,
859 1213 934 1238 non
954 1200 1227 1246 intercessione,

117 1265 192 1290 non
213 1253 415 1304 suffragiis,
436 1254 501 1292 sed
518 1254 569 1302 vi,
590 1267 723 1303 manu,
743 1254 853 1292 ferro.
892 1254 1012 1301 Nam,
1030 1254 1062 1291 si
1079 1255 1229 1291 obnun-

118 1305 246 1344 tiasset
271 1307 443 1345 Fabricio
473 1308 504 1345 is
533 1314 683 1358 praetor,
713 1307 779 1359 qui
808 1320 846 1345 se
874 1307 1038 1345 servasse
1065 1306 1112 1344 de
1138 1307 1230 1345 coelo

118 1359 264 1398 dixerat
277 1374 289 1406 ;
310 1360 508 1411 accepisset
522 1361 731 1411 respublica
742 1361 909 1411 plagam,
923 1360 988 1397 sed
1000 1373 1098 1407 eam,
1112 1373 1227 1410 quam

118 1420 310 1464 acceptam
320 1427 469 1464 gemere
486 1421 634 1464 posset:
664 1414 698 1451 si
715 1413 979 1451 intercessisset
997 1414 1140 1464 collega
1155 1414 1230 1451 Fa-

119 1466 249 1513 bricio,
278 1467 432 1505 laesisset
450 1467 739 1518 rempublicam,
767 1467 831 1505 sed
852 1467 1127 1517 rempublicam
1144 1468 1230 1516 jure

118 1519 283 1558 laesisset.
314 1520 549 1558 Gladiatores
568 1528 610 1558 tu
629 1520 806 1568 novicios,
820 1532 888 1571 pro
907 1520 1121 1570 exspectata
1140 1520 1230 1557 aedi-

118 1573 226 1611 litaoe
245 1574 469 1624 suppositOS,
489 1586 578 1612 cum
598 1573 738 1612 sicariis
764 1586 784 1612 e
803 1586 946 1612 carcere
965 1573 1121 1620 emissis,
1143 1581 1230 1610 ante

119 1626 245 1664 lucem
271 1626 486 1665 immittas?
515 1627 758 1677 magistratus
781 1627 924 1678 templo
946 1626 1128 1675 dejicias?
1158 1640 1229 1664 cae-

118 1678 207 1716 dem
224 1679 434 1718 maximam
453 1679 598 1718 facias?
628 1680 754 1718 forum
772 1682 943 1731 purges?
973 1686 1023 1727 et,
1037 1692 1125 1717 cum
1144 1692 1227 1716 om-

119 1731 183 1769 nia
201 1732 239 1770 vi
263 1739 301 1770 et
318 1733 432 1771 armis
454 1733 585 1784 egeris,
605 1746 753 1771 accuses
779 1745 881 1780 eum,
903 1733 970 1785 qui
994 1746 1032 1770 se
1049 1732 1224 1783 praesidio

119 1784 313 1832 munierit,
337 1798 413 1824 non
439 1792 483 1823 ut
507 1793 544 1824 te
568 1794 818 1838 oppugnaret,
839 1786 903 1825 sed
921 1793 966 1824 ut
984 1786 1100 1824 vitam
1119 1797 1229 1823 suam

118 1845 244 1890 posset
261 1838 492 1877 defendere?

172 1891 398 1930 XXXVII.
427 1892 553 1944 Atqui
581 1905 630 1930 ne
661 1906 708 1931 ex
737 1905 780 1931 eo
807 1892 961 1944 quidem
989 1898 1158 1942 tempore
1184 1891 1226 1928 id

119 1944 197 1995 egit
215 1944 380 1991 Sextius,
399 1952 456 1993 ut,
476 1959 500 1983 a
524 1946 601 1984 suis
625 1946 811 1992 munitus,
833 1953 916 1983 tuto
941 1945 980 1982 in
1006 1944 1086 1982 foro
1105 1944 1228 1994 magi·-

119 2004 281 2035 stratum
298 2005 453 2048 gereret,
468 1999 742 2050 rempublicam
756 1998 1043 2036 administraret.
1074 1998 1224 2047 Itaque,

119 2050 238 2087 fretus
256 2051 450 2089 sanctitate
464 2051 689 2099 tribunatius,
710 2065 797 2090 cum
818 2066 856 2089 se
874 2063 949 2088 non
969 2050 1082 2088 modo
1101 2056 1228 2088 contra

122 2103 200 2140 vim
219 2110 256 2140 et
270 2103 426 2151 ferrum,
448 2105 512 2142 sed
531 2105 645 2143 etiarn
664 2113 794 2144 contra
813 2106 926 2142 verba
944 2110 1058 2154 atque
1077 2102 1229 2141 interfa-

124 2156 279 2206 tionem,
299 2157 446 2208 legibus
465 2159 615 2198 sacratis
640 2172 719 2200 esse
738 2165 926 2197 armatum
945 2163 1108 2208 putaret,
1130 2156 1231 2195 venit
