1425 2334
303 102 311 107 '
356 108 469 150 PRO
496 103 692 151 sULLA.
723 109 826 147 cmv.
856 110 920 149 29.
1135 97 1188 154 73'

107 209 117 216 ’
133 217 314 256 Accusati
332 224 422 255 sunt
439 228 517 254 uno
535 215 690 254 nomine
707 215 947 260 consulares;
977 223 1020 253 ut
1034 216 1115 264 jam
1130 215 1187 252 vi-

76 266 212 308 deatur
228 271 379 308 honoris
397 269 620 320 amplissimi
638 281 774 306 nomen
794 269 880 318 plus
899 268 1049 306 invidiae
1068 280 1184 319 quam

79 323 272 374 dignitatis
286 324 428 361 afferre.
459 322 683 368 Affuerunt,
697 322 836 371 inquit,
854 321 1041 368 Catffinae,
1055 321 1186 358 illum-

81 388 155 426 que
166 377 382 414 laudarunt.
406 376 527 413 Nulla
539 382 622 412 tum
634 377 800 425 patebat,
814 375 921 411 nulla
933 381 1010 411 erat
1023 374 1184 424 cognita,

79 429 312 478 conjuratio:
342 429 592 466 defendebant
609 428 796 472 amicum3
828 427 982 464 aderant
996 427 1183 477 supplici3

81 481 167 532 vitae
185 483 266 530 ejus
285 482 558 532 turpitudinem
578 481 618 517 in
638 480 796 518 summis
816 481 896 528 ejus
914 480 1089 531 periculis
1108 493 1184 517 non

75 533 389 585 insequebantur.
428 534 536 581 Quin
556 534 671 571 etiam
688 546 822 584 parens
841 540 944 579 tuus,
972 534 1183 583 Torquate,

79 588 223 634 consul,
244 600 307 625 reo
321 587 368 625 de
385 588 553 638 pecuniis
568 587 783 637 repetundis
796 586 970 624 Catilinae
983 586 1057 622 fuit
1071 586 1186 624 advo-

79 647 197 686 catus,
216 640 390 691 improbo
408 640 568 686 homini,
589 648 628 676 at
646 640 833 690 supplici3
863 639 1018 676 fortasse
1037 638 1184 687 audaci,

80 700 119 730 at
137 693 340 744 aliquando
359 693 491 731 amico.
522 693 597 731 Cui
616 705 703 730 cum
722 692 831 729 affuit
849 699 932 743 post
951 692 1114 730 delatam
1137 693 1186 730 ad

79 758 166 783 eum
180 747 343 796 primam
355 746 461 783 illam
475 746 786 795 conjurationem,
794 745 974 783 indicavit
985 759 1023 783 se
1034 746 1185 784 audisse

80 799 238 849 aliquid,
265 812 340 836 non
361 799 570 836 credidisse.
612 798 671 835 At
700 798 802 836 idem
828 811 903 836 non
926 798 1036 836 affixit
1054 799 1128 836 alio
1145 799 1187 837 in

74 852 231 900 judicio,
252 865 340 890 cum
354 852 523 889 adessent
542 851 676 889 caeteri.
706 852 746 888 Si
764 858 892 901 postea
910 854 1090 901 cognorat
1107 852 1188 903 ipse

80 905 239 955 aliquid,
261 905 363 955 quod
380 905 419 941 in
439 904 635 942 consulatu
655 904 885 953 ignor-{issem
915 905 1187 955 ignoscendum

80 964 135 994 est
153 958 212 1003 iis,
233 958 300 1008 qui
319 964 448 1008 postea
465 957 560 994 nihil
579 956 790 994 audierunt.
820 957 886 995 Sin
902 958 968 994 ina
987 971 1043 995 res
1061 959 1187 1009 prima

81 1011 200 1047 valuit
214 1024 225 1053 ς
256 1023 331 1048 non
345 1011 564 1057 inveterata,
579 1022 695 1059 quam
710 1022 850 1055 recens,
866 1009 997 1048 debuit
1008 1023 1085 1048 esse
1097 1025 1185 1061 gra·

80 1063 172 1100 vior.
202 1064 290 1110 Sed,
311 1063 342 1101 si
361 1070 448 1100 tuus
463 1075 610 1113 parenS,
626 1062 740 1098 etiam
755 1063 794 1098 in
813 1061 879 1099 illa
897 1063 1105 1113 suspicione
1119 1077 1186 1115 pe..v

81 1116 190 1153 riculi
208 1116 280 1162 sui,
293 1124 419 1154 tamen
439 1115 676 1153 humanitate
688 1115 886 1161 adductus,
904 1116 1185 1155 advocationem

79 1168 244 1206 hominis
263 1168 531 1220 improbissimi
557 1167 649 1205 sella
667 1167 792 1204 curuli
817 1175 931 1217 atque
955 1170 1186 1208 ornamentis

81 1229 119 1259 et
136 1222 212 1260 suis
231 1229 268 1260 et
293 1222 506 1260 consulatus
530 1220 764 1264 honestavit;
796 1220 889 1270 quid
908 1227 975 1268 est,
1000 1225 1185 1272 quamob-

81 1287 163 1312 rem
192 1276 418 1324 consulares,
448 1274 518 1326 qui
547 1273 722 1311 Catilinae
750 1273 955 1322 affuerunt,
984 1275 1185 1326 reprehen-

80 1327 247 1365 dantur?

92 1404 95 1407 ,
133 1381 192 1418 At
208 1382 358 1420 iidem‘'
334 1396 393 1430 us,
409 1382 476 1433 qui
488 1389 573 1420 ante
590 1381 693 1420 hunc
708 1394 857 1419 causam
871 1381 916 1419 de
928 1381 1186 1430 conjuratione

79 1434 270 1483 dixerunt,
290 1448 367 1473 non
385 1437 588 1474 affuerunt.
618 1435 746 1472 Tanto
768 1436 902 1472 scelere
921 1435 1104 1473 adstrictis
1115 1436 1184 1473 ho-

81 1488 262 1535 minibus,
283 1496 494 1527 statuerunt
511 1489 608 1526 nihil
625 1501 648 1525 a
672 1501 710 1526 se
728 1488 952 1537 adjumenti,
973 1488 1069 1525 nihil
1088 1488 1184 1539 opis,

82 1541 179 1578 nihil
190 1542 338 1589 auxilii,
353 1542 441 1580 ferri
460 1549 640 1593 oportere.
669 1541 816 1591 Atque,
829 1548 874 1578 ut
887 1541 935 1579 de
953 1553 1084 1579 eorum
1097 1554 1184 1579 con-

79 1595 219 1632 stantia
237 1602 350 1646 atque
368 1596 496 1632 animo
513 1596 553 1632 in
571 1594 844 1645 rempublicam
864 1594 1002 1640 dicam,
1022 1607 1187 1645 quorum

82 1648 196 1686 tacita
213 1649 376 1699 gravitas
394 1655 431 1686 et
444 1648 536 1686 fides
554 1648 600 1685 de
618 1660 848 1698 unoquoque
865 1647 1047 1698 loquitur,
1063 1659 1188 1699 neque

80 1702 306 1752 cujusquam
318 1708 538 1739 ornamenta
545 1701 721 1739 orationis
732 1700 935 1745 desiderat3
955 1707 1077 1751 potest
1086 1700 1190 1751 quis„

84 1766 201 1804 quam
220 1754 340 1792 dicere
358 1767 529 1805 unquam
549 1754 734 1801 meliores,
758 1753 941 1799 fortiores,
961 1753 1188 1791 constantio-

83 1819 155 1853 res,
175 1808 385 1846 consulares
403 1807 530 1855 fuisse,
545 1820 662 1858 quam
681 1806 726 1844 iis
740 1807 973 1857 temporibus
991 1813 1027 1843 et
1041 1806 1190 1856 pericu-

58 1888 62 1891 *
83 1859 144 1907 lis,
165 1860 304 1911 quibus
321 1873 428 1911 paene
445 1873 622 1911 oppressa
639 1867 694 1897 est
712 1859 954 1910 respublica?
993 1859 1092 1906 Quis
1111 1871 1189 1896 non

84 1912 132 1950 de
146 1914 340 1950 communi
359 1914 478 1951 salute
496 1913 741 1964 apertissime,
771 1912 857 1963 quis
875 1924 951 1950 non
972 1911 1187 1958 fortissime,

85 1966 172 2016 quis
183 1978 259 2003 non
274 1967 583 2013 constantissime,
599 1966 738 2003 sensit?
769 1966 907 2016 Neque
919 1977 988 2015 ego
1001 1965 1190 2015 praecipue

85 2019 132 2056 de
151 2019 408 2057 consularibus
425 2019 603 2080 disputo:
633 2031 723 2055 nam
742 2019 822 2056 haec
851 2025 888 2056 et
909 2018 1110 2055 hominum
1129 2030 1191 2054 or-

82 2072 379 2117 natissimorum,
399 2072 466 2124 qui
483 2078 658 2122 praetores
671 2071 840 2119 fuerunt,
853 2078 891 2109 et
903 2071 1067 2108 universi
1086 2082 1193 2107 sena-

84 2126 159 2174 tus,
178 2125 390 2175 communis
409 2131 465 2163 est
480 2126 590 2173 laus;
619 2134 680 2162 ut
691 2131 847 2171 constet,
878 2130 964 2174 post
987 2122 1206 2161 hominum*

80 2178 304 2221 memoriam
321 2190 521 2229 nunquam
539 2177 579 2218 in
597 2177 663 2217 ino
681 2177 812 2216 ordine
825 2177 913 2228 plus
923 2175 1086 2223 virtutis,
1103 2174 1190 2226 plus

133 2234 265 2273 (Orat.
271 2238 286 2280 )
307 2242 412 2270 vor„
435 2241 508 2268 111.
889 2241 921 2267 H
