1455 2343
240 104 321 143 206
356 104 434 144 DE
465 105 709 146 HARUSP.
739 106 1007 148 RESPONS.
1037 104 1142 145 CAP.
1161 105 1230 145 20.

242 213 354 251 verba
373 221 463 252 sunt
478 213 560 253 haec
577 214 730 253 omnia:
760 214 857 253 nihil
871 215 969 253 addo
983 215 1031 253 de
1043 226 1142 253 meo.
1172 211 1273 261 Quis
1283 211 1358 264 igi-

239 272 302 304 tur
319 266 418 305 hanc
429 268 673 319 optimatium
685 269 909 308 discordiam
924 269 1082 307 molitur
1095 270 1112 306 ?
1140 266 1244 305 idem
1257 267 1354 312 iste3

240 332 310 359 nec
328 321 410 359 ulla
428 322 466 360 vi
484 322 627 373 ingenii
659 330 727 360 aut
753 323 898 361 consilii
921 323 994 370 sui,
1018 322 1083 360 sed
1111 321 1279 373 quodam
1297 333 1356 359 er-

240 387 323 413 rore
341 382 492 414 nostro:
524 389 640 428 quem
663 377 821 428 quidem
842 376 921 425 ille,
946 376 1050 428 quod
1073 377 1256 414 obscurus
1277 386 1355 412 non

238 436 331 477 erat,
351 429 462 467 facile
480 430 695 481 perspexit„
714 431 801 469 Hoc
819 430 922 469 enim
937 430 1051 468 etiam
1068 429 1220 481 turpius
1238 427 1357 467 afflic-

239 488 342 521 tatur
360 484 587 534 respublica,
608 484 711 535 quod
729 497 777 522 ne
795 486 844 523 ab
863 497 907 523 eo
926 484 1082 536 quidem
1101 489 1276 530 vexatur,
1295 488 1355 530 ut,

239 544 440 589 tamquam
464 537 572 576 fortis
590 537 630 574 in
653 538 786 589 pugna
805 538 876 585 vir,
896 538 1057 589 acceptis
1075 551 1098 576 a
1116 536 1204 576 forti
1223 535 1357 575 adver-

240 591 336 629 sario
357 591 576 629 vulneribus
594 592 774 639 adversis,
795 592 927 630 cadere
945 592 1129 630 videatur.

293 645 358 683 Ti.
384 645 579 684 Gracchus
602 645 778 684 convellit
800 653 942 684 statum
958 645 1142 684 civitatis:
1173 644 1252 697 qua
1270 656 1357 695 gra-

239 699 355 737 vitate
374 699 432 736 vir
443 699 457 743 ,l
489 699 566 750 qua
585 699 802 750 eloquentia
817 700 826 738 !
859 700 937 751 qua
955 699 1140 750 dignitate
1156 699 1167 737 ἔ
1196 698 1295 736 nihil
1312 705 1358 736 ut

239 766 263 791 a
280 752 397 804 patris
417 752 553 804 avique
565 753 741 791 Africani
754 753 962 805 praes-rabili
972 753 1188 804 insignique
1203 752 1356 799 virtute,

239 814 496 858 praeterquam
510 807 614 859 quod
626 821 648 845 a
660 814 791 846 senatu
802 807 1021 855 desciverat,
1037 806 1260 845 deflexisset.
1290 806 1359 845 Se-

240 868 351 899 cutus
382 868 439 899 est
469 860 514 899 C.
541 861 761 900 Gracchus:
795 874 872 913 quo
898 861 1076 912 ingenio!
1116 860 1262 912 quanta
1290 859 1355 898 vi!

240 913 387 966 quanta
411 914 595 966 gravitate
619 915 795 954 dicendi!
826 922 871 953 ut
897 915 1068 954 dolerent
1092 915 1186 953 boni
1210 922 1356 962 omnes,

238 980 316 1007 non
335 968 403 1007 illa
413 976 520 1007 tanta
537 977 760 1008 ornamenta
773 969 823 1008 ad
832 970 1029 1008 meliorem
1042 976 1212 1007 mentem
1224 967 1360 1006 volun-

240 1029 435 1074 tatemque
455 1036 533 1061 esse
551 1036 740 1062 conversa.
779 1024 870 1075 Ipse
889 1023 937 1062 L.
958 1023 1186 1062 Saturninus
1204 1022 1258 1060 ita
1283 1021 1360 1059 fuit

241 1076 446 1115 effrenatus
465 1084 502 1115 et
519 1090 627 1128 paene
646 1077 817 1125 demens,
844 1084 888 1115 ut
907 1085 1037 1116 auctor
1055 1084 1151 1115 esset
1169 1075 1358 1127 egregius,

241 1137 279 1168 et
297 1130 347 1168 ad
365 1131 511 1169 animos
530 1131 796 1182 imperitorum
815 1131 1034 1170 excitandos
1046 1128 1362 1169 inflammandos-

241 1197 317 1235 que
335 1185 534 1235 perfectus.
564 1186 672 1223 Nam
685 1185 778 1236 quid
793 1198 863 1237 ego
880 1185 929 1223 de
944 1186 990 1223 P.
1006 1184 1177 1236 Sulpicio
1193 1184 1358 1235 loquar?
1389 1187 1394 1189 ’

240 1238 350 1287 cujus
360 1245 468 1276 tanta
478 1238 519 1276 in
533 1239 691 1277 dicendo
703 1239 880 1290 gravitas,
894 1245 1001 1277 tanta
1010 1238 1244 1288 jucunditas,
1253 1243 1362 1275 tanta

239 1291 403 1330 brevitas
421 1292 509 1339 fuit,
525 1299 570 1330 ut
588 1300 726 1343 posset,
747 1294 807 1331 vel
822 1301 866 1331 ut
883 1292 1088 1343 prudentes
1107 1297 1286 1336 errarent,
1300 1290 1362 1329 vel

240 1352 285 1382 ut
302 1347 352 1383 bo
358 1345 398 1382 ni
408 1345 536 1384 minus
547 1348 644 1384 bene
657 1346 852 1394 sentirent,
865 1345 1043 1398 perficere
1057 1345 1227 1384 dicendo.
1257 1344 1360 1383 Cum

240 1397 300 1436 his
319 1399 538 1447 conflictari,
555 1407 592 1438 et
606 1412 675 1450 pro
689 1400 810 1438 salute
828 1400 961 1451 patriae
978 1399 1148 1451 quotidie
1165 1398 1360 1445 dimicare,

243 1459 322 1490 erat
340 1453 496 1491 omnino
509 1453 599 1500 illis,
613 1453 681 1504 qui
691 1460 778 1491 tum
789 1454 1065 1505 rempublicam
1081 1453 1360 1503 gubernabant,

242 1506 448 1544 molestum
463 1521 474 1544 ε
496 1507 562 1545 sed
579 1507 745 1546 habebat
762 1520 807 1545 ea
819 1508 994 1546 molestia
1007 1506 1218 1559 quamdam
1231 1511 1364 1544 tamen

244 1559 482 1610 dignitatem.

297 1614 393 1651 XX.
424 1614 503 1652 Hic
521 1627 623 1661 vero,
650 1614 698 1653 de
717 1627 795 1666 quo
812 1627 882 1666 ego
908 1614 989 1666 ipse
1011 1621 1093 1653 tam
1109 1614 1235 1652 multa
1257 1625 1361 1652 nunc

243 1666 342 1715 dico,
364 1670 464 1719 (pro,
485 1668 554 1706 Dii
572 1668 808 1708 immortales
823 1670 854 1717 ἱ)
883 1669 978 1720 quid
1002 1675 1058 1707 est
1073 1671 1091 1707 ἓ
1120 1667 1215 1719 quid
1232 1666 1361 1705 valet?

243 1720 339 1772 quid
357 1722 479 1771 affert,
492 1729 537 1760 ut
555 1729 662 1760 tanta
679 1722 824 1771 civitas,
839 1722 871 1761 si
889 1722 1011 1770 cadet,
1025 1722 1147 1773 (quod
1159 1721 1229 1759 Dii
1247 1732 1362 1759 omen

243 1776 407 1813 obruant
423 1776 454 1823 Ζ)
483 1788 506 1813 a
524 1775 604 1813 viro
618 1783 747 1814 tamen
762 1777 930 1815 confecta
943 1776 1116 1815 videatur
1132 1777 1150 1814 Ρ
1179 1775 1261 1826 qui,
1276 1781 1364 1825 post

243 1828 362 1879 patris
377 1837 380 1841 ’
393 1837 570 1877 mortem,
609 1830 776 1881 primam
805 1831 913 1868 illam
950 1829 1146 1868 aetatulam
1173 1839 1282 1867 suam
1312 1827 1362 1866 ad

243 1894 459 1920 scurrarum
477 1883 727 1934 locupletium
740 1883 918 1922 libidines
936 1883 1098 1922 detulit:
1119 1894 1283 1934 quorum
1302 1881 1363 1919 in·

243 1936 495 1987 temperantia
517 1937 683 1988 expleta,
711 1937 753 1974 in
778 1937 992 1976 domesticis
1018 1943 1074 1975 est
1100 1934 1362 1988 germanitatis

244 1989 387 2040 stupris
414 1991 631 2029 volutatus:
662 1990 812 2040 deinde,
829 1993 913 2041 jam
939 1993 1132 2037 robustus,
1157 1988 1364 2041 provinciae‘

244 2056 284 2080 se
303 2056 347 2081 ac
357 2045 412 2082 rei
424 2044 580 2082 militari
594 2044 699 2082 dedit
712 2058 724 2090 ς
745 2052 861 2096 atque
873 2045 928 2083 ibi
941 2045 1153 2095 piratarum
1164 2049 1362 2082 contume-

243 2096 314 2134 lias
332 2110 545 2149 perpessus‚
566 2098 680 2136 etiam
694 2098 860 2137 Cilicum
877 2098 1069 2146 libidines,
1082 2097 1362 2136 Barbarorum-

245 2163 334 2201 que,
359 2151 532 2190 satiavit:
567 2159 666 2203 post,
695 2153 862 2191 exercitu
885 2152 935 2191 L.
964 2151 1122 2190 Luculli
1146 2149 1359 2195 sollicitato,

243 2216 313 2254 per
330 2204 540 2245 nefandum
560 2206 693 2255 scelus,
714 2205 814 2258 fugit
831 2206 951 2255 illinc,
973 2206 1201 2257 Romaeque,
1220 2202 1362 2243 recenti
