1389 2339
204 97 279 136 DE
299 97 569 138 PROVINC.
592 100 826 140 CONSUL.
856 99 960 138 Ciu».
985 99 1045 137 10.
1103 98 1181 141 387

76 203 222 254 Atque,
242 212 286 242 ut
305 213 440 252 vetera,
461 220 547 258 quae
565 215 652 245 sunt
671 206 973 253 innumerabilia,
1002 205 1181 250 mittam;

75 263 165 294 tuus
182 265 301 307 pater,
323 258 514 310 Philippe,
545 273 668 298 noune
693 272 769 297 uno
797 268 962 310 tempore
990 271 1078 296 cum
1105 256 1183 295 suis

75 309 341 349 inimicissimis
358 312 398 349 in
421 314 581 362 gratiam
609 314 748 351 rediit?
777 314 916 363 quibus
945 325 1031 349 eum
1059 310 1183 348 omni-

74 363 146 400 bus
164 363 295 401 eadem
314 377 371 402 res
389 367 542 416 publica
560 367 821 413 reconciliavit,
842 379 927 416 quae
946 364 1139 402 alienarat.

130 415 262 454 Multa
279 425 469 468 praetereo,
491 421 592 470 quod
620 421 767 457 intueor
794 432 918 456 coram
936 418 1017 455 haec
1035 416 1182 455 lumina

74 474 190 518 atque
203 479 422 509 ornamenta
436 473 662 523 reipublicae,
686 473 729 509 P.
747 472 945 509 Servilium
968 478 1004 508 et
1024 470 1082 507 M.
1101 470 1184 507 Lu-

75 521 245 559 cullum:
277 524 441 565 (utinam
472 526 584 563 etiam
614 526 660 563 L.
691 525 876 563 LucuHus
903 524 967 561 ille
995 523 1181 568 viveret!)

76 572 177 620 Quae
195 575 349 614 fuerunt
376 578 582 616 inimicitiae
609 579 796 629 graviores
814 578 854 615 in
875 576 1036 622 civitate,
1064 589 1179 626 quam

77 626 328 666 Lucullorum
348 638 461 681 atque
480 631 751 670 Serviliorum?
780 643 874 681 quas
893 630 932 667 in
951 629 1038 667 viris
1057 629 1182 666 fortis-

77 679 181 717 ¹simis
199 693 273 719 non
293 683 416 720 solum
436 685 617 722 exstinxit
640 684 854 734 reipublicae
872 682 1048 733 dignitas,
1070 689 1106 719 et
1124 682 1182 732 ip-

77 745 219 779 sorum,
251 735 315 772 sed
347 737 460 773 etiam
489 737 537 774 ad
568 737 768 774 amicitiam
797 735 1182 785 consuetudinemque

76 786 254 825 traduxit.
285 788 423 835 Quid?
453 788 505 836 Q.
527 789 709 827 Metellus
729 791 872 840 Nepos,
893 800 1017 825 nonne
1036 788 1179 834 consul,

74 838 114 875 in
141 841 284 890 templo
313 841 422 879 Jovis
453 842 603 893 Optimi
638 842 820 888 Maximi,
854 849 1059 892 permotus,
1093 853 1180 878 cum

75 893 294 931 auctoritate
317 895 450 942 vestra,
480 903 564 932 turn
595 895 697 933 illius
727 896 772 933 P.
797 894 944 932 Servilii
973 893 1181 931 incredibili

75 945 257 994 gravitate
275 946 436 994 dicendi,
458 950 590 986 absens
616 961 782 995 mecum,
811 959 961 984 summo
979 959 1049 984 suo
1068 948 1181 984 bene-

74 997 172 1044 ficio,
200 999 309 1037 rediit
326 1001 366 1037 in
393 1001 585 1051 gratiam?
614 1002 681 1038 An
710 1014 779 1052 ego
806 1012 959 1051 possum
987 999 1076 1037 huic
1103 1012 1182 1037 esse

74 1050 263 1098 inimicus,
302 1055 410 1102 cujus
438 1055 569 1100 literis,
602 1054 719 1101 sama,
751 1054 907 1101 nuntiis,
946 1053 1179 1090 celebrantur

74 1116 182 1141 aures
209 1106 376 1155 quotidie
404 1120 498 1145 meae
527 1107 632 1145 novis
655 1108 872 1144 nominibus
903 1106 1089 1156 gentium,
1112 1118 1181 1143 na-

75 1156 237 1204 tionum,
253 1159 421 1197 locorum
435 1162 453 1198 Ρ

126 1210 270 1257 Ardeo,
295 1213 391 1250 mihi
413 1213 562 1261 credite,
592 1221 715 1264 patres
744 1212 954 1263 conscripti,
988 1211 1057 1259 (id,
1078 1211 1181 1262 quod

73 1271 217 1301 vosmet
234 1264 281 1302 de
307 1277 370 1304 me
394 1266 629 1314 existimatis,
650 1273 686 1304 et
707 1266 828 1304 facitis
854 1266 944 1317 ipsi)
971 1264 1180 1302 incredibili

73 1316 239 1366 quodam
269 1331 396 1357 amore
425 1319 580 1371 patriae;
611 1320 678 1370 qui
703 1332 766 1357 me
789 1332 896 1357 amor
918 1326 954 1356 et
982 1317 1180 1356 subvenire

72 1369 165 1406 olim
184 1370 488 1422 impendentibus
506 1373 680 1424 periculis
707 1372 884 1410 maximis
910 1384 998 1410 cum
1023 1370 1180 1408 dimica-

72 1421 174 1460 tione
187 1425 333 1475 capitis,
348 1433 383 1463 et
395 1439 559 1473 rursum,
576 1439 663 1464 cum
682 1426 810 1464 omnia
827 1426 903 1464 tela
919 1424 1088 1474 undique
1100 1436 1178 1461 esse

71 1474 216 1514 intenta
233 1478 273 1514 in
292 1479 455 1528 patriam
474 1479 652 1526 viderem,
673 1479 797 1517 subire
816 1478 951 1529 coegit,
980 1486 1094 1528 atque
1112 1490 1179 1514 ex-

70 1527 192 1578 cipere
206 1542 328 1568 unum
346 1544 415 1582 pro
433 1532 626 1570 universis.
667 1532 744 1569 Hic
761 1544 823 1570 me
840 1544 948 1570 meus
965 1531 1006 1568 in
1025 1543 1179 1580 rempu-

71 1581 210 1619 blicam
228 1584 378 1622 animus
396 1585 576 1635 pristinus
594 1598 637 1624 ac
663 1586 836 1636 perennis
857 1597 944 1622 cum
965 1583 1009 1622 C.
1030 1583 1178 1621 Caesare

70 1634 228 1683 reducit,
248 1638 472 1684 reconciliat,
489 1638 650 1676 restituit
666 1639 704 1675 in
716 1638 888 1688 gratiam.
917 1636 1034 1684 Quod
1051 1637 1178 1674 volent

71 1686 248 1739 denique,
282 1690 454 1729 homines
483 1692 722 1736 existiment3
762 1691 906 1729 nemini
927 1703 996 1740 ego
1022 1701 1178 1740 possum

69 1752 149 1778 esse
171 1743 264 1780 bene
282 1743 329 1781 de
347 1744 539 1795 republica
557 1745 716 1783 merenti
733 1756 809 1782 non
829 1744 984 1781 amicus.

133 1793 187 1831 X.
215 1795 387 1845 Etenim,
404 1797 434 1834 si
445 1797 504 1845 iis,
525 1797 592 1849 qui
605 1798 686 1835 haec
703 1797 832 1835 omnia
842 1795 999 1834 flamma
1016 1807 1060 1833 ac
1077 1795 1175 1833 ferro

69 1845 192 1885 delere
218 1849 432 1898 voluerunt,
452 1862 529 1888 non
557 1850 771 1888 inimicitias
800 1850 938 1897 solum,
968 1848 1033 1886 sed
1061 1848 1175 1885 etiam

68 1900 228 1948 bellum,
248 1901 369 1939 indixi
387 1909 501 1954 atque
511 1903 640 1950 intuli,
654 1916 743 1941 cum
754 1902 893 1954 partim
912 1902 1007 1939 mihi
1019 1901 1174 1938 illorum

67 1951 286 2002 familiares,
306 1956 446 2005 partim
464 1956 592 2004 etiam,
619 1968 683 1994 me
707 1955 944 2002 defendente,
964 1954 1095 2005 capitis
1110 1955 1176 2003 ju-

68 2005 175 2043 diciis
193 2014 315 2044 essent
331 2008 504 2054 liberati;
533 2021 600 2047 cur
613 2009 745 2047 eadem
763 2008 988 2059 respublica,
1009 2020 1095 2058 quae
1111 2019 1175 2045 me

66 2056 108 2094 in
135 2059 275 2098 amicos
305 2060 542 2099 inflammare
571 2062 709 2113 potuit,
735 2061 897 2099 inimicis
927 2061 1075 2112 placare
1098 2072 1175 2097 non

67 2112 214 2161 possit?
243 2112 361 2160 Quod
377 2115 475 2152 mihi
495 2115 626 2153 odium
651 2128 739 2153 cum
769 2115 816 2152 P.
837 2114 970 2152 Clodio
994 2113 1081 2161 fuit,
1101 2113 1177 2150 nisi

66 2164 170 2214 quod
186 2166 436 2217 perniciosum
462 2168 594 2220 patriae
620 2167 742 2207 civem
768 2168 847 2206 fore
873 2168 1071 2218 putabam,
1091 2165 1172 2217 qui,
