1455 2343
205 85 284 121 322
469 84 580 121 PRO
611 83 836 122 sExTJO.
868 84 972 122 CAP.
994 84 1061 121 68.

204 191 378 229 relictum
397 198 463 228 est.
494 191 628 242 Atque
645 191 748 229 hunc
766 198 909 236 tamen,
934 190 1157 242 flagrantem
1176 189 1323 229 invidia

205 251 357 295 propter
383 244 581 282 interitum
609 246 654 283 C
676 244 853 292 Gracchi,
881 257 1029 296 semper
1052 244 1132 295 ipse
1156 243 1324 295 populus

205 298 407 336 Romanus
438 298 605 348 periculo
641 298 842 336 liberavit.
883 299 959 336 alia
987 297 1164 358 quaedam
1201 297 1323 336 civem

205 352 402 402 egregium
431 351 560 413 iniqui·
589 352 674 418 judi
677 352 723 390 cii
755 353 920 403 procella
955 365 1046 403 perv
1048 352 1144 390 ertit.
1185 351 1323 390 Caeteri

206 417 307 453 vero,
328 412 394 443 aut
419 406 616 456 repentina
634 406 671 443 vi
689 406 865 457 perculsi,
887 419 930 444 ae
953 412 1177 457 tempestate
1199 417 1323 456 popu-

204 458 288 502 lari,
309 472 376 510 per
400 460 587 510 populum
607 467 735 497 tamen
760 460 887 511 ipsum
910 460 1064 497 recreati
1086 466 1176 497 sunt
1203 465 1320 509 atque

204 525 269 550 rev
270 512 393 550 ocati·
383 541 395 557 ‚
426 520 492 550 aut
511 526 585 550 om
578 526 666 550 imo
691 513 921 552 invulnerati
943 513 1190 564 inviolatique
1217 511 1323 550 vixe-

204 579 230 602 r
226 573 304 603 mt.
334 567 393 604 At
411 579 498 604 vero
516 566 558 614 ii,
586 566 653 627 qui
672 569 821 604 senatus
841 566 1056 615 consilium,
1076 567 1144 617 qui
1162 565 1324 604 auctori-

204 626 321 657 tatem
340 621 542 666 bonorum,
569 621 637 671 qui
655 621 829 658 instituta
846 621 1039 669 majorum
1057 620 1323 671 neglexerunt,

203 681 240 710 ct
268 673 454 724 imperitae
479 680 546 711 aut
570 674 765 712 concitatae
790 673 1030 711 multitudini
1053 673 1217 723 jucundi
1243 685 1324 711 oese

203 727 418 774 voluerunt,
450 740 582 766 omnes
612 728 689 766 fe‘se
718 727 936 779 reipublicae
967 739 1110 779 poenas,
1138 733 1206 766 aut
1227 739 1324 778 prae-

201 780 297 818 senti
316 788 451 830 morte,
471 788 539 819 aut
557 782 661 832 turpi
679 781 826 829 exsilio,
847 781 1120 832 dependerunt.

254 834 372 881 Quod
387 834 431 882 si,
447 835 825 885 apudAthenienses,
837 834 1011 873 homines
1027 835 1194 883 Graecos,
1209 834 1324 885 longe

200 902 223 925 a
241 896 457 926 nostrorum
485 888 687 927 hominum
709 889 894 939 gravitate
911 888 1134 938 disjunctos,
1153 901 1229 926 non
1250 887 1319 926 de-

199 949 319 987 erant,
334 942 402 993 qui
413 943 690 993 rempublicam
706 950 834 981 contra
846 943 979 994 populi
991 943 1241 981 temeritatem
1256 941 1322 980 de·

200 995 409 1044 senderent,
442 1009 531 1034 cum
561 1010 706 1043 omnes,
741 997 809 1047 qui
838 997 892 1034 ita
918 997 1096 1043 fecerant,
1129 1009 1150 1034 e
1172 995 1322 1034 civitate

199 1049 450 1097 ejicerentur3
488 1050 519 1088 si
544 1050 844 1089 Themistoclem
868 1051 995 1097 illum,
1021 1057 1319 1088 conservatorem

199 1103 345 1153 patriae,
361 1116 439 1142 non
451 1103 633 1142 deterruit
644 1118 666 1142 a
677 1104 873 1156 republica
885 1103 1123 1142 defendenda
1140 1116 1210 1142 nec
1222 1103 1322 1141 Mil-

201 1156 311 1194 tiadis
331 1157 541 1204 calamitas,
568 1158 635 1209 qui
660 1158 769 1196 illam
789 1158 979 1197 civitatem
999 1158 1117 1209 paulo
1137 1164 1225 1195 ante
1243 1170 1320 1196 ser-

199 1210 320 1257 varat,
341 1223 409 1249 nec
427 1211 609 1249 Aristidis
628 1211 735 1262 fuga,
760 1212 828 1264 qui
847 1224 948 1250 unus
966 1211 1141 1250 omnium
1157 1211 1320 1261 justissi-

199 1276 286 1301 mus
305 1265 421 1302 fuisse
439 1265 626 1311 traditum
657 1267 687 1304 si
701 1274 831 1317 postea
844 1265 988 1304 summi
1006 1265 1177 1314 ejusdem
1191 1265 1321 1303 civita-

199 1317 248 1353 tis
267 1318 351 1365 viri,
373 1322 485 1369 (quos
509 1320 738 1357 nominatim
767 1319 952 1371 appellari
974 1331 1051 1357 non
1080 1326 1136 1357 est
1152 1326 1319 1365 necesse)

200 1371 400 1422 propositis
415 1379 470 1409 tot
489 1373 673 1423 exemplis
684 1373 890 1411 iracundiae
899 1372 1139 1423 levitatisque
1157 1373 1321 1423 popula-

198 1425 263 1469 ris,
295 1432 423 1462 tamen
452 1439 561 1463 suam
591 1427 868 1477 rempublicam
899 1426 1007 1464 illam
1040 1426 1316 1473 defenderunt3

198 1477 292 1529 quid
311 1491 379 1517 nos
399 1479 554 1517 tandem
568 1479 690 1518 facere
704 1480 900 1529 debemus,
916 1480 1088 1531 primum
1101 1480 1142 1517 ’m
1162 1479 1208 1518 ea
1225 1479 1318 1518 civi-

199 1538 276 1569 tate
293 1533 387 1581 nati,
407 1533 510 1571 unde
528 1540 610 1571 orta
631 1534 728 1572 mihi
746 1535 910 1585 gravitas
936 1541 973 1572 et
990 1533 1217 1585 magnitudo
1235 1533 1318 1572 ani-

197 1585 252 1622 mi
271 1585 443 1633 videtur;
475 1594 558 1625 tum
584 1587 623 1625 in
644 1588 750 1625 tanta
774 1586 894 1639 gloria
917 1587 1144 1635 insistentes,
1172 1594 1216 1626 ut
1235 1600 1318 1625 om-

198 1639 262 1676 nia
279 1639 450 1678 humana
476 1641 617 1679 leviora
643 1641 759 1680 videri
785 1642 974 1687 debeant3
1006 1641 1142 1679 deinde
1164 1641 1214 1679 ad
1231 1653 1317 1679 eam

198 1694 474 1743 rempublicam
495 1695 676 1733 tuendam
695 1695 875 1747 aggressi,
897 1709 983 1747 quae
1008 1695 1115 1733 tanta
1132 1694 1317 1745 dignitate

198 1753 267 1794 est,
288 1753 331 1784 ut
349 1760 433 1785 eam
452 1748 717 1786 defendentem
732 1749 897 1787 occidere
912 1761 989 1787 non
1003 1748 1110 1787 aliud
1123 1748 1185 1796 sit,
1199 1761 1317 1800 quam

197 1809 483 1851 oppugnantem
502 1815 629 1840 rerum
648 1803 785 1854 potiri.
776 1805 793 1831 fl

251 1854 456 1892 LXVIII.
487 1855 676 1894 Homines
697 1857 836 1904 Graeci,
861 1870 956 1908 quos
975 1864 1086 1894 antea
1103 1855 1313 1902 nominavi,

197 1907 328 1957 inique
346 1920 370 1944 a
387 1909 464 1945 suis
490 1909 634 1947 civibus
656 1910 828 1948 damnati
846 1918 961 1962 atque
986 1909 1150 1971 expulsi,
1170 1917 1314 1955 tamen,

196 1961 288 2012 quia
306 1962 401 1998 bene
420 1968 508 1999 sunt
522 1962 569 1999 de
587 1963 664 2000 suis
684 1964 898 2002 civitatibus
917 1964 1058 2011 meriti,
1077 1962 1185 2005 tanta
1203 1963 1317 2002 hodie

194 2014 316 2065 gloria
327 2021 430 2062 sunt,
444 2027 520 2053 non
534 2015 573 2052 111
589 2015 736 2055 Gracia
749 2018 888 2065 solum,
905 2017 970 2055 sed
984 2018 1099 2054 etiam
1113 2016 1218 2068 apud
1228 2028 1312 2063 nos,

195 2076 354 2120 atque1
328 2067 368 2105 in
389 2081 456 2106 cae
448 2068 529 2106 eris
548 2069 668 2116 terris,
690 2077 734 2107 ut
752 2082 829 2117 eos,
850 2083 873 2107 a
897 2069 1039 2121 quibus
1064 2069 1122 2108 illi
1147 2070 1314 2121 oppressi

194 2128 296 2167 sunt,
332 2133 446 2160 nemo
473 2122 657 2169 nominet,
686 2122 826 2161 horum
854 2123 1108 2162 calamitatem
1137 2122 1313 2161 domina.

191 2175 283 2214 tioni
303 2175 456 2214 illorum
472 2188 602 2215 omnes
618 2183 859 2227 anteponant.
900 2176 998 2226 Quis
1017 2175 1310 2227 Carthaginien-
