1425 2334
278 92 391 132 PRO
419 91 589 132 DOMO
617 93 738 131 SUA.
768 93 872 131 CM».
902 95 966 132 21.
1104 92 1177 138 147

28 207 44 213 ''
77 209 208 236 omnes
225 191 494 250 neglexerunt.
516 199 645 248 ejectio
660 212 847 250 nusquam
860 208 925 238 est.
955 200 1100 239 Verum
1117 201 1176 238 sit.

79 251 220 298 Quid?
248 264 404 303 operum
418 253 657 303 publicorum
675 253 846 299 exacti03
876 253 968 303 quid
980 253 998 289 P
1016 253 1178 291 nominis

80 303 284 355 inscriptio,
305 306 373 344 tibi
405 317 498 343 num
528 305 631 343 aliud
659 305 806 343 videtur
834 319 924 352 esse,
945 320 987 344 ac
1006 318 1178 343 meorum

80 357 263 395 bonorum
282 358 471 409 direptio?
498 350 763 409 praeterquam,
783 359 884 409 quod
903 371 951 396 ne
968 360 1006 396 id
1026 359 1178 410 quidem

80 422 148 460 per
164 411 287 462 legem
303 409 507 458 Liciniam,
536 419 580 449 ut
604 412 683 463 ipse
707 412 776 449 tibi
804 413 1033 450 curationem
1050 413 1178 458 ferres,

80 462 200 502 facere
225 465 391 515 potuisti.
420 465 557 512 Quid?
591 465 688 502 1100
678 478 819 516 lpsum,
839 465 946 528 (111011Λ
959 478 1060 503 nunc
1078 465 1180 516 apud

80 517 273 577 pontifices
290 518 383 569 agis,
409 525 446 556 te
463 531 588 556 meam
607 518 765 556 domum
783 531 1023 567 consecrasse,
1043 526 1080 556 te
1098 531 1181 556 mo-

79 569 294 608 nimentum
321 571 491 619 fecisse,
481 584 521 608 m
540 571 633 609 meis
660 571 803 609 aedibus
834 579 871 610 te
899 573 1051 623 signum
1076 572 1181 609 dedi·-

80 622 194 671 casse,
215 637 333 675 eaque
357 631 394 662 te
412 638 459 663 ex
477 637 555 662 una
585 624 846 675 rogatiuncula
871 625 1028 671 fecisse3
1058 638 1181 662 unum

80 682 118 713 et
134 675 235 714 idem
260 677 407 715 videtur
425 690 516 727 esse,
536 685 650 729 atque
667 677 721 726 id,
751 678 853 729 quod
871 678 917 717 de
934 692 996 717 me
1013 679 1095 731 ipso
1113 690 1181 717 no-

82 729 257 767 minatim
278 730 428 770 tulisti?

150 782 252 820 Tam
281 783 463 833 (hercule)
490 791 545 822 est
576 796 712 832 unum,
732 797 849 835 quam
879 785 980 836 quod
1009 784 1110 823 idem
1140 792 1181 822 tu

82 836 164 885 lege
182 836 260 874 una
278 837 419 875 tulisti:
449 846 492 874 ut
511 838 673 888 Cyprius
691 850 771 885 rex,
792 839 898 886 cujus
917 839 1077 887 majores
1096 838 1184 875 huic

82 889 224 938 populo
242 889 329 926 socii
356 898 469 941 atque
487 891 597 928 amici
617 903 762 940 semper
785 891 951 932 fuerunt,
971 904 1058 929 cum
1077 891 1185 928 bonis

83 942 259 979 omnibus
278 945 347 980 sub
366 955 535 994 praecone
553 944 810 992 subjiceretur,
824 951 861 980 et
874 945 1019 982 exsules
1031 945 1183 994 Byzan-

84 994 181 1032 tium
213 995 485 1034 reducerentur.
531 996 684 1044 Eidem,
716 997 854 1047 inquit,
879 997 1040 1047 utraque
1068 996 1115 1034 de
1143 1009 1184 1035 re

83 1048 276 1098 negotium
295 1049 391 1086 dedi.
422 1050 495 1087 Sed
508 1049 602 1100 quid
621 1050 651 1087 si
668 1050 789 1087 eidem
805 1050 998 1099 negotium
1006 1049 1180 1097 dedisses,

84 1107 127 1137 ut
154 1101 193 1138 in
222 1101 319 1139 Asia
337 1102 589 1152 cistophorum
608 1103 805 1152 flagitaret,
834 1103 920 1140 inde
944 1102 1013 1140 iret
1031 1102 1069 1139 in
1091 1103 1182 1140 llis-

84 1154 262 1203 paniam3
292 1167 380 1192 cum
400 1154 525 1193 Βοιῃὶὶ
553 1155 777 1203 decessisset,
808 1156 1044 1193 consulatum
1066 1155 1098 1192 ei
1117 1168 1181 1207 pe-

84 1213 161 1244 tere
188 1207 338 1254 liceret3
367 1221 455 1246 cum
486 1208 607 1245 factus
636 1215 743 1252 esset,
773 1208 1003 1258 provinciam
1033 1208 1181 1258 Syriam

82 1260 298 1300 obtineret?
327 1262 506 1312 quoniam
534 1261 580 1298 de
610 1273 688 1300 uno
715 1261 869 1299 homine
900 1261 1088 1310 scriberes,
1107 1273 1183 1299 una

85 1325 143 1350 res
162 1320 278 1352 esset.
269 1316 286 1342 ⁹

137 1366 254 1414 Quod
272 1367 302 1405 si
313 1368 395 1416 jam
406 1367 569 1418 populus
583 1367 780 1405 Romanus
795 1367 864 1404 de
854 1367 926 1405 1sta
938 1379 978 1404 re
992 1367 1185 1405 consultus

85 1427 192 1467 esset,
219 1426 256 1458 et
273 1432 349 1458 non
367 1421 495 1458 omnia
512 1433 578 1471 per
597 1433 718 1458 servos
744 1421 980 1471 latronesque
997 1420 1183 1470 gessisses,

85 1485 210 1510 nonne
221 1473 300 1511 fieri
313 1481 472 1524 poterat,
487 1481 531 1510 ut
543 1474 684 1524 populo
699 1473 745 1510 de
759 1473 899 1524 Cyprio
910 1486 997 1523 rege
1010 1474 1185 1524 placeret,

84 1525 133 1563 de
150 1527 343 1564 exsulibus
356 1527 579 1577 Byzantinis
589 1527 824 1577 displiceret?
844 1526 944 1572 Quae
956 1533 1010 1564 est
1023 1530 1184 1577 (quaeso.)

85 1578 161 1616 alia
177 1579 246 1627 vis,
266 1593 352 1630 quae
376 1579 558 1618 sententia
577 1580 738 1618 Caeciliae
767 1579 860 1629 legis
888 1586 925 1616 et
943 1579 1083 1628 Didiae,
1112 1579 1184 1616 nisi

82 1631 180 1678 haec,
200 1644 249 1670 ne
265 1633 407 1683 populo
426 1645 571 1670 necesse
589 1633 650 1680 sit,
669 1633 709 1670 in
724 1632 931 1681 conjunctis
949 1634 1060 1670 rebus
1077 1645 1186 1677 ‚com-

85 1684 272 1735 plui-ibus,
291 1692 358 1723 aut
374 1685 427 1734 id,
447 1685 550 1736 quod
567 1686 675 1734 nolit,
694 1685 871 1736 accipere,
902 1692 969 1723 aut
997 1685 1049 1734 id,
1081 1686 1183 1736 quod

86 1737 191 1784 velit,
209 1738 404 1788 repudiare
417 1741 435 1777 Ρ

140 1789 262 1837 Quid,
289 1791 319 1829 si
347 1804 413 1841 per
440 1791 519 1830 vim
547 1791 697 1830 tulisti?
725 1799 900 1829 tamenne
923 1791 986 1829 lex
1005 1793 1089 1829 est?
1119 1798 1183 1828 aut

87 1843 298 1894 quidquam
323 1844 408 1892 jure
433 1851 581 1894 gestum
608 1845 725 1882 videri
741 1851 876 1894 potest,
905 1844 1006 1895 quod
1024 1856 1089 1894 per
1107 1844 1184 1881 vim

86 1902 237 1960 gestum
269 1908 347 1934 esse
375 1904 516 1935 constet
528 1899 546 1935 Ρ
575 1897 657 1944 An,
689 1897 721 1934 si
752 1898 791 1934 in
822 1897 904 1947 ips‘a
934 1897 1072 1934 latione
1101 1897 1181 1942 tua,

88 1949 198 1999 capta
211 1950 292 1997 jam
311 1949 429 1996 Urbe,
457 1949 599 2000 lapides
616 1950 722 1999 jacti,
742 1950 773 1987 si
791 1962 927 1986 manus
944 1950 1080 1986 collata
1108 1961 1181 1985 non

87 2009 155 2048 est,
175 2001 310 2039 idcirco
327 2008 368 2039 tu
387 2002 436 2040 ad
453 2002 559 2040 illam
576 2003 701 2040 labem
712 2009 825 2062 atque
839 2002 999 2040 eluviem
1012 2001 1182 2047 civitatis,

88 2054 168 2093 sine
181 2054 334 2092 summa
351 2053 402 2103 vi,
422 2055 613 2106 pervenire
630 2055 816 2106 potuisti?

138 2107 257 2146 XXI.
286 2107 416 2147 Cum
405 2120 445 2146 m
462 2108 642 2147 tribunali
660 2108 820 2147 Aurelio
837 2106 1090 2146 conscribebas
1116 2118 1183 2156 pa-
