1455 2343
231 93 305 131 154
468 92 582 132 PRO
611 92 783 133 DOMO
812 93 934 133 SUA.
965 93 1070 133 CAP.
1091 95 1155 133 28.

229 199 426 251 mulgasti,
445 198 588 238 tulisti:
620 214 783 252 quorum
800 202 880 250 tibi,
901 201 932 239 si
951 210 1045 240 esset
1062 201 1128 239 illa
1146 201 1224 250 lex,
1241 201 1337 239 nihil

232 253 369 291 liceret.
398 253 457 291 At
477 254 590 292 etiam
610 255 661 302 Q.
683 255 880 303 Metellus,
901 255 1044 305 collega
1061 262 1164 303 tuus,
1185 254 1242 293 vir
1260 255 1336 293 cla-

233 306 416 355 rissimus,
442 320 559 357 quam
578 309 701 359 legem
721 322 800 347 esse
817 309 989 346 homines
1009 308 1226 346 alienissimi
1244 321 1268 345 a
1287 308 1333 345 P.

234 359 367 399 Clodio
398 361 627 410 judicarant,
664 362 752 400 Piso
777 369 814 400 et
840 362 1041 411 Gabinius,
1072 375 1158 400 eam
1187 362 1334 399 nullam

232 427 323 461 esse,
343 414 457 452 frater
475 415 521 452 P.
542 415 681 463 Clodii,
702 428 789 454 eum
809 416 855 454 (18
873 428 935 454 1118
953 416 1002 454 ad
1019 422 1192 454 senatum
1211 423 1337 453 tecum

232 467 311 505 11118
329 469 470 516 retulit,
483 469 678 529 judicavit.

286 521 361 559 Sed
385 522 460 569 isti,
488 523 555 573 qui
574 523 699 561 Clodii
716 524 818 574 leges
836 523 1060 571 timuerunt,
1089 522 1338 584 quemadmo-

232 574 326 612 dum
345 584 495 614 caeteras
509 577 785 615 observarunt?
815 584 964 615 senatus
977 577 1133 628 quidem
1147 577 1272 625 (cujus
1285 583 1341 614 est

232 629 500 679 gravissimum
527 630 717 679 judicium
740 631 815 668 de
801 644 887 679 jure
903 632 1065 681 legum),
1086 630 1340 682 quotiescum-

233 695 309 732 que
323 683 369 720 de
387 695 449 720 me
461 684 653 721 consultus
668 691 735 731 est,
748 684 856 722 toties
875 696 960 721 eam
977 685 1126 722 nullam
1144 696 1222 722 esse
1236 683 1341 732 judi-

233 736 343 774 cavit.
373 736 489 783 Quod
517 736 620 774 idem
649 743 707 785 tu,
738 737 917 786 Lentule,
943 737 1070 776 vidisti
1097 736 1137 774 in
1166 737 1212 775 ea
1242 737 1339 786 lege,

232 802 351 839 quam
363 789 409 827 de
426 802 489 827 me
507 790 626 828 tulisti
643 804 653 828 :
682 803 770 828 nam
788 803 863 828 non
883 797 937 828 est
953 790 1008 829 ita
1025 791 1163 838 latum,
1184 796 1228 828 ut
1244 790 1342 827 mihi

234 843 402 880 Romam
432 845 459 866 “
475 844 599 881 venire
617 844 787 892 liceret,'’
808 844 872 882 sed
901 847 928 867 ‘⁶
948 851 992 882 ut
1010 844 1218 883 venirem.'’
1247 844 1339 881 Non

232 896 335 933 enim
354 897 505 935 voluisti
523 897 576 945 id,
603 898 706 948 quod
726 898 876 945 licebat,
896 897 1005 946 ferre,
1026 906 1070 935 ut
1093 898 1245 942 liceret3
1275 897 1341 934 sed

232 962 295 987 me
312 950 366 987 ita
384 963 461 988 esse
479 951 518 988 in
537 949 742 1002 republica,
758 952 880 1002 magis
898 960 942 989 ut
967 951 1162 989 arcessitus
1181 950 1342 1001 imperio

231 1004 366 1054 populi
388 1005 557 1042 Romani
583 1005 741 1055 viderer,
775 1018 893 1056 quam
924 1005 972 1043 ad
1001 1003 1338 1043 administrandam

232 1057 421 1095 clvitatem
440 1058 646 1096 restitutus.

285 1110 404 1149 Hunc
423 1119 465 1149 tu
491 1113 619 1159 etiam,
639 1118 854 1163 portentosa
872 1112 998 1162 pestis,
1019 1113 1190 1150 exsulem
1208 1111 1340 1162 appel-

230 1164 309 1202 lare
326 1178 440 1202 ausus
454 1178 505 1213 eS,
526 1179 615 1203 cum
633 1165 748 1203 tantis
762 1166 961 1203 sceleribus
980 1178 1077 1203 esses
1096 1172 1133 1203 et
1150 1165 1257 1203 factis
1275 1177 1343 1202 no-

232 1224 347 1266 tatus,
368 1225 412 1255 ut
430 1231 584 1257 omnem
602 1219 743 1266 locum,
765 1231 841 1269 quo
869 1219 1021 1265 adisses,
1042 1219 1165 1256 exsilii
1194 1218 1343 1255 simini-

233 1282 344 1308 mum
362 1271 565 1310 redderes?
595 1271 703 1319 Quid
722 1279 777 1310 est
792 1271 894 1309 enim
910 1273 1048 1310 exsul?
1077 1271 1205 1322 ipsum
1219 1284 1286 1332 per
1305 1285 1344 1309 se

233 1336 374 1362 nomen
393 1325 629 1374 calamitatis,
650 1337 727 1363 11011
747 1325 1004 1377 turpitudinis.
1045 1325 1213 1372 Quando
1227 1326 1344 1386 igitur

232 1385 290 1416 est
307 1381 448 1428 turpe?
477 1391 517 1416 re
531 1392 632 1426 vera,
649 1378 802 1429 quando
821 1385 875 1416 est
892 1391 1005 1438 poena
1021 1378 1190 1429 peccati;
1220 1378 1343 1429 opini-

233 1443 305 1469 one
326 1438 455 1469 autem
484 1432 700 1480 hominum,
728 1432 842 1470 etiam
872 1432 903 1469 si
935 1439 990 1470 est
1017 1444 1130 1483 poena
1158 1431 1342 1470 damnati.

233 1485 377 1524 Utrum
394 1485 511 1536 igitur
532 1493 683 1536 peccato
709 1498 796 1523 meo
820 1485 960 1523 exsulis
984 1498 1124 1524 nomen
1146 1487 1276 1533 subm,
1295 1497 1345 1523 an

234 1551 274 1576 re
284 1539 453 1587 judicat&
469 1541 486 1577 ?
517 1540 674 1577 Peccato
689 1541 706 1578 Ρ
726 1539 755 1576 J
757 1552 820 1576 am
835 1551 959 1590 neque
973 1547 1015 1577 tu
1029 1539 1069 1576 id
1081 1539 1202 1578 dicere
1213 1539 1343 1586 audes,

233 1605 350 1643 quem
375 1592 436 1630 isti
455 1593 631 1631 satellites
659 1593 715 1630 tui
739 1592 888 1630 felicem
907 1593 1113 1631 Catilinam
1131 1593 1345 1640 nominant,

232 1657 355 1696 neque
367 1646 570 1697 quisquam
585 1659 730 1694 eorum,
746 1646 813 1697 qui
825 1646 1004 1685 solebant.
1033 1647 1127 1684 Non
1139 1646 1253 1684 modo
1263 1647 1346 1696 jam

235 1711 347 1737 nemo
366 1707 420 1737 est
437 1707 517 1737 tam
535 1700 748 1751 imperitus,
772 1699 840 1750 qui
858 1712 915 1748 ea,
935 1713 1022 1751 quae
1039 1699 1136 1751 gessi
1153 1700 1194 1737 in
1212 1711 1346 1737 consu-

234 1753 330 1801 latu,
350 1760 502 1804 peccata
520 1766 598 1791 esse
616 1753 739 1799 dicat3
771 1753 835 1790 sed
861 1765 974 1792 nemo
992 1761 1047 1791 est
1065 1760 1146 1791 tam
1169 1753 1347 1791 inimicus

235 1806 381 1857 patriae,
410 1807 572 1858 quinon
590 1806 685 1844 meis
711 1806 875 1845 consiliis
901 1807 1065 1858 patriam
1090 1814 1347 1846 conservatam

238 1873 316 1898 esse
331 1860 507 1898 fateatur.

290 1913 499 1951 XXVIII.
528 1913 646 1961 Quod
664 1913 766 1952 enim
785 1920 840 1951 est
858 1913 898 1950 in
917 1914 1025 1953 terris
1043 1925 1247 1953 commune
1264 1920 1348 1951 tan-

237 1974 322 2004 tum
350 1968 589 2006 tantulumve
607 1967 821 2014 consilium,
843 1967 946 2018 quod
964 1980 1041 2006 non
1059 1968 1107 2006 de
1123 1967 1218 2005 meis
1235 1968 1348 2005 rebus

237 2020 351 2071 gestis
372 2033 429 2068 ea,
450 2034 536 2071 quae
558 2021 655 2058 mihi
684 2027 806 2058 essent
834 2021 1068 2071 optatissima
1085 2028 1123 2059 et
1139 2019 1349 2072 pulcherri-

238 2086 317 2120 ma,
333 2073 513 2122 judicarit
527 2077 544 2112 ,⁹
573 2075 781 2113 Summum
800 2080 855 2111 est
873 2075 1006 2125 populi
1023 2074 1206 2121 Romani,
1225 2086 1349 2125 popu-

237 2127 439 2178 lorumque
465 2135 503 2166 et
528 2128 702 2178 gentium
720 2127 895 2165 omnium
913 2141 957 2166 ac
980 2141 1129 2179 regum,
1149 2126 1349 2166 consilium

237 2187 412 2219 senatus:
442 2181 620 2229 decrevit,
648 2188 692 2219 ut
721 2192 866 2229 omneS‚
886 2181 954 2232 qui
980 2180 1257 2233 rempublicam
1275 2179 1349 2219 sal-
