1455 2343
170 104 249 143 302
433 103 546 142 PRO
576 102 803 143 SEXTIO.
835 104 938 142 CAP.
965 105 1028 143 44.

171 211 331 250 ficarein
343 212 462 251 oculis
472 213 648 251 omnium
662 212 1029 264 tantam,tugurium
1037 219 1081 250 ut
1092 214 1174 262 jam
1187 213 1289 254 vide-

172 274 259 304 atur
276 279 355 304 esse
381 265 448 304 ina
467 266 572 313 villa,
597 279 714 318 quam
734 267 828 317 ipse,
854 267 1031 305 tribunus
1054 268 1191 318 plebis,
1211 268 1291 319 pic-

169 326 251 357 tam
269 321 362 358 olim
381 320 421 358 in
441 320 682 359 concionibus
701 321 928 371 explicabat,
945 333 1022 372 quo
1039 321 1289 360 fortissimum

170 386 214 411 ac
233 386 431 412 summum
451 374 571 413 civem
590 374 631 412 in
649 375 847 418 invidiam,
867 375 982 413 homo
1001 383 1124 413 castus
1143 389 1187 413 ac
1209 388 1286 414 non

171 427 349 478 cupidus,
380 436 551 467 vocaret:
592 429 755 466 alterum
784 428 1000 466 Thracibus
1028 443 1071 467 ac
1099 428 1291 468 Dardanis

169 483 341 533 primum
352 496 487 533 pacem
506 482 679 520 maxima
697 482 861 533 pecunia
876 482 1088 521 vendidisse
1104 497 1116 527 ς
1137 483 1289 529 deinde,

171 542 215 573 ut
244 535 302 573 illi
331 536 535 587 pecuniam
572 535 753 574 conficere
789 543 954 586 possent,
985 537 1198 575 vexandam
1233 537 1293 575 his

171 589 444 628 Macedoniam
464 597 501 628 et
523 589 761 641 spoliandam
784 589 1007 634 tradidisse;
1038 591 1294 642 eumdemque

171 645 273 682 bona
291 643 534 690 creditorum,
548 643 689 681 civium
710 644 992 691 Romanorum,
1008 656 1097 681 cum
1115 643 1293 682 debitori-

170 698 244 735 bus
273 697 416 736 Graecis
443 697 641 736 divisisse·
630 726 642 742 ‚
681 710 813 748 cogere
839 696 1041 748 pecunias
1052 697 1242 736 maximas
1271 711 1292 736 a

172 750 465 802 Dyrrhachinis,
491 751 652 802 spoliare
672 751 891 798 Thessalos,
917 758 1059 789 certam
1077 751 1263 790 Achaeis
1252 765 1276 789 1
1270 765 1291 789 a

171 817 291 843 annos
310 805 480 856 singulos
497 805 701 856 pecuniam
719 804 988 865 imperavisse3
1009 817 1134 856 neque
1146 812 1291 854 tamen,

172 858 254 897 ullo
277 859 319 896 111
337 860 493 910 publico
511 866 578 896 aut
596 859 770 909 religioso
788 860 885 905 loco,
906 858 1075 920 signum,
1095 866 1163 897 aut
1180 862 1292 898 tabu-

172 912 266 960 lam,
292 920 360 950 aut
383 919 666 961 ornamentum,
666 891 915 964 ὃ1011011155οε
945 912 1014 951 1105
1043 912 1095 951 510
1118 912 1292 961 illudere,

172 966 314 1017 quibus
343 979 458 1004 omne
480 966 711 1018 supplicium
737 973 853 1018 atque
881 966 1006 1004 omnis
1032 967 1120 1016 jure
1148 967 1295 1018 optimo

173 1032 286 1071 poena
322 1019 508 1066 debetur;
549 1033 631 1058 reos
663 1032 744 1058 esse
773 1020 843 1058 hos
870 1019 983 1069 duos,
1021 1033 1118 1071 quos
1147 1020 1293 1059 videtis:

173 1073 327 1112 Omitto
350 1075 435 1124 jam
463 1074 713 1120 Numerium,
744 1074 964 1122 Serranum,
993 1074 1161 1123 AElium,
1191 1075 1295 1127 quis-

173 1127 313 1179 quilias
342 1128 535 1166 seditionis
561 1128 782 1166 Clodianae:
824 1128 889 1166 sed
918 1135 1047 1166 tamen
1071 1127 1113 1166 hi
1143 1142 1297 1181 quoque

174 1181 289 1219 etiam
308 1194 412 1220 nunc
430 1182 604 1230 volitant,
626 1189 670 1220 ut
689 1181 848 1220 videtisz
878 1195 961 1230 nec,
981 1182 1076 1219 dum
1088 1195 1154 1221 vos
1173 1182 1301 1221 devo-

173 1235 233 1273 bis
253 1235 400 1287 aliquid
418 1236 614 1283 timebitis,
626 1235 685 1273 illi
702 1249 874 1287 unquam
897 1236 944 1273 de
962 1249 1001 1274 se
1018 1236 1295 1287 pertimescent.

231 1289 389 1328 XLIV.
418 1290 527 1328 Nam
552 1290 646 1341 quid
665 1302 735 1340 ego
754 1290 802 1327 de
827 1289 937 1327 aedile
955 1289 1038 1340 ipso
1059 1290 1209 1341 loquar,
1230 1291 1297 1342 qui

176 1343 293 1382 etiam
311 1343 414 1381 diem
433 1343 544 1392 dixit,
565 1350 602 1381 et
628 1343 819 1381 accusavit
837 1343 883 1381 de
902 1343 940 1381 vi
960 1343 1185 1382 Milonem?
1217 1345 1297 1382 Ne-

178 1410 253 1449 que
281 1397 344 1435 hic
372 1404 502 1435 tamen
531 1397 614 1435 ulla
642 1409 816 1447 unquam
845 1397 987 1445 injuria
1016 1397 1237 1445 adducetur,
1254 1407 1298 1436 ut

177 1464 282 1496 eum,
302 1450 371 1488 tali
390 1450 529 1489 virtute
549 1450 732 1501 tantaque
745 1450 925 1488 firmitate
943 1450 1063 1488 animi
1082 1464 1121 1488 se
1138 1451 1179 1488 in
1198 1464 1297 1489 rem-

178 1505 375 1556 publicam
388 1504 518 1552 fuisse,
534 1504 736 1555 poeniteat:
767 1504 848 1551 sed,
869 1503 937 1555 qui
954 1504 1036 1543 haec
1055 1504 1186 1542 vident
1207 1505 1299 1543 ado-

178 1560 372 1604 lescentes,
398 1570 567 1609 quonam
582 1571 681 1600 ‚suas
703 1564 849 1596 mentes
873 1557 1092 1596 conferent?
1122 1559 1210 1607 Ille,
1231 1560 1297 1611 qui

178 1612 416 1650 monimenta
440 1612 607 1663 publica,
631 1612 700 1662 qui
718 1611 815 1649 aedes
839 1625 975 1660 sacras,
995 1611 1064 1663 qui
1082 1612 1250 1651 (1011105
1239 1626 1301 1650 m-

180 1666 383 1704 imicorum
397 1679 568 1713 5110111111,
585 1665 835 1726 oppugnavit,
852 1665 1005 1713 excidit,
1018 1665 1210 1711 incendit3
1232 1668 1299 1718 qui

179 1720 343 1771 stipatus
361 1732 512 1771 semper
529 1720 683 1767 sicariis,
704 1726 834 1770 septas
853 1720 1023 1767 armatis,
1049 1720 1222 1758 munitus
1241 1721 1298 1758 in-

180 1774 328 1812 dicibus
354 1773 442 1822 fuit,
471 1787 636 1824 quorum
659 1773 771 1811 hodie
794 1774 877 1824 copi
865 1787 902 1811 a
923 1773 1138 1818 redundat,
1169 1775 1237 1825 qui
1263 1783 1300 1813 et

177 1827 417 1880 peregrinam
435 1840 597 1865 manum
615 1827 911 1865 facinorosorum
931 1827 1144 1875 concitavit,
1164 1834 1202 1866 et
1225 1841 1303 1867 ser-

180 1895 246 1920 vos
265 1881 313 1920 ad
326 1881 468 1919 caedem
486 1881 640 1919 idoneos
659 1881 764 1927 emit,
785 1888 821 1918 et
839 1882 879 1918 in
898 1881 1095 1919 tribunatu
1114 1894 1300 1921 carcerem

180 1942 307 1974 totum
325 1935 367 1972 in
385 1935 512 1973 forum
531 1935 679 1982 effudit,
707 1935 839 1973 volitat
863 1935 996 1980 aedilis,
1020 1942 1171 1973 accusat
1195 1948 1299 1984 eum,

181 1990 264 2040 qui,
280 1989 411 2040 aliqua
422 2002 470 2026 ex
480 1996 600 2040 parte,
618 1990 699 2038 ejus
712 1989 880 2027 furorem
892 1989 1147 2026 exsultantem
1158 2002 1303 2041 repres-
1326 2032 1338 2040 ,

184 2043 256 2081 sit:
286 2043 363 2091 hic,
384 2043 452 2094 qui
470 2056 510 2081 se
527 2049 583 2081 est
601 2050 747 2081 tutatus
766 2042 831 2089 sic,
853 2052 897 2080 ut
913 2043 954 2079 in
972 2042 1122 2093 privata
1139 2055 1181 2080 re
1198 2043 1304 2082 Deos

183 2104 338 2147 penates
357 2110 458 2144 suos,
473 2097 514 2134 in
525 2096 721 2147 republica
735 2097 822 2145 jura
833 2097 1048 2134 tribunatus
1059 2096 1304 2148 auspiciaque

185 2150 415 2195 defenderet,
444 2164 617 2188 accusare
642 2163 730 2188 eum
757 2150 962 2193 moderate,
983 2163 1005 2187 a
1031 2162 1107 2201 quo
1131 2151 1212 2201 ipse
1237 2164 1305 2189 ne-

182 2204 276 2242 farie
291 2212 501 2251 accusatur,
518 2217 586 2255 per
598 2207 746 2242 senatus
762 2204 1022 2241 auctoritatem
1037 2215 1113 2241 non
1131 2210 1185 2242 est
1197 2205 1303 2244 situs.
