1435 2328
226 77 276 114 66
496 76 607 117 PRO
637 78 834 118 sULLA.
865 78 970 117 cns.
1001 76 1064 116 22.

221 185 599 224 honoreincolumem
610 187 749 225 habere
761 199 836 225 non
849 193 1068 238 potuerunt,
1078 185 1117 223 in
1129 185 1199 224 hoc
1206 192 1333 223 tamen

221 251 325 285 casu,
342 253 419 291 quo
433 241 593 279 afflictus
608 242 721 290 jacet,
742 254 808 292 per
826 253 892 278 vos
909 239 1026 278 tutari
1045 239 1332 290 conservarique

219 294 392 344 cupiunt.
421 294 579 332 Adsunt
597 295 679 345 pari
699 295 822 333 studio
844 293 1081 345 Pompeiani,
1103 293 1170 344 qui
1189 294 1236 331 ab
1256 292 1332 329 iuis

219 347 332 384 etiam
345 348 384 386 in
397 347 539 386 crimen
546 356 744 386 vocantur:
767 349 834 399 qui
845 348 898 385 ita
910 348 955 385 de
967 347 1225 385 ambulatione
1237 353 1274 384 et
1285 345 1332 382 de

218 400 408 452 suffragiis
427 402 505 439 suis
523 414 611 439 cum
631 402 771 439 colonis
790 402 1059 446 dissenserunt,
1087 408 1130 437 ut
1159 400 1260 437 idem
1284 399 1332 436 de

216 455 410 492 communi
420 456 539 493 salute
554 456 742 494 sentirent.
764 456 826 493 Ac
838 468 885 492 ne
897 456 977 492 haec
989 453 1142 505 quidem
1154 453 1198 490 P.
1213 453 1333 490 Sullae

216 508 312 545 mihi
330 509 478 547 videtur
506 509 654 547 silentio
679 509 940 560 praetereunda
958 520 1037 546 esse
1056 507 1189 554 virtus,
1211 505 1327 557 quod,

216 575 305 599 cum
320 564 367 600 ab
380 563 451 600 hoc
469 563 535 600 illa
550 563 694 601 colonia
706 563 866 600 deducta
878 561 925 600 sit
938 576 949 607 ;
980 569 1116 599 etcum
1129 560 1329 598 commoda

214 616 432 653 colonorum
453 630 475 653 a
493 616 653 654 fortunis
674 616 996 666 Pompeianorum
1015 614 1232 665 reipublicae
1251 613 1328 651 for-

214 676 308 707 tuna
327 670 558 719 dijunxerit;
588 670 641 707 ita
660 682 766 707 carus
786 669 956 720 utrisque
975 675 1030 706 est
1056 674 1171 718 atque
1185 668 1327 716 jucun-

212 722 298 770 dus,
319 730 363 760 ut
377 736 453 761 non
473 724 607 761 alteros
625 723 846 771 demovisse,
868 722 933 760 sed.
951 730 1132 772 utrosque
1146 721 1328 759 constitu-

209 776 295 823 isse,
316 777 499 815 videatur.

265 830 410 868 XXII.
440 831 499 868 At
517 830 619 868 enim
639 838 675 868 et
693 829 932 881 gladiatoreS,
958 836 994 867 et
1012 828 1136 866 omnis
1163 828 1235 866 ista
1253 828 1337 876 vis„

210 884 413 934 rogationis
440 884 601 922 Caeciljae
631 883 742 922 causa
772 884 1112 934 comparabantur:
1143 889 1258 933 atque
1281 882 1322 919 in

208 937 375 975 hocloco
394 937 433 975 in
455 938 502 975 L.
525 938 737 985 Caecilium,
757 936 1077 988 pudentissimum
1090 943 1204 987 atque
1214 948 1326 973 orna-

208 991 400 1028 tissimum
420 991 559 1039 virum,
581 992 820 1030 vehementer
838 991 1007 1028 invectus
1027 997 1104 1028 est:
1136 990 1244 1038 cujus
1256 1002 1326 1040 ego

209 1044 256 1082 de
275 1045 413 1083 virtute
433 1053 469 1083 et
488 1045 710 1092 constantia,
727 1045 887 1094 judices,
908 1051 1057 1082 tantum
1077 1044 1184 1088 dico;
1205 1043 1321 1081 talem

206 1098 309 1136 hune
327 1099 365 1135 in
385 1099 458 1136 ista
483 1099 689 1149 rogatione,
721 1111 838 1150 quam
867 1097 1138 1149 promulgavit,
1169 1109 1246 1134 non
1275 1097 1326 1135 de

204 1152 387 1198 tollenda,
409 1153 474 1190 sed
486 1153 532 1190 de
550 1152 712 1190 levanda
726 1152 938 1190 calamitate
956 1151 1081 1189 fratris
1099 1150 1172 1196 sui,
1188 1150 1321 1196 fuisse,-

205 1212 250 1242 ut
268 1206 484 1243 consultum
505 1219 582 1243 esse
602 1205 763 1243 voluerit
775 1205 896 1252 fratri,
911 1217 999 1242 cum
1013 1204 1208 1255 republica
1220 1218 1319 1256 pug-

204 1270 294 1296 nare
307 1259 471 1296 noluerit
484 1273 496 1303 ς
526 1259 780 1309 promulgarit
797 1259 987 1309 impulsus
999 1271 1126 1296 amore
1137 1257 1316 1306 fraterno,

203 1311 386 1350 destiterit
403 1312 530 1349 fratris
543 1312 764 1350 auctoritate
778 1312 974 1350 deductus.

255 1365 390 1416 Atque
408 1365 448 1402 in
474 1366 518 1403 ea
536 1379 576 1403 re
594 1379 660 1416 per
681 1366 727 1403 L.
749 1366 946 1403 Caecffium
973 1365 1081 1403 Sulla
1103 1373 1313 1412 accusatur,

202 1418 243 1455 in
262 1419 340 1470 qua
358 1432 398 1456 re
416 1426 471 1457 est
488 1426 648 1470 uterque
666 1419 903 1457 laudandus:
934 1419 1103 1470 primum
1123 1420 1312 1466 Caecilius,

204 1471 226 1492 ³¹*
240 1472 307 1522 qui
326 1472 366 1509 id
383 1473 649 1523 promulgarit,
670 1473 710 1510 in
734 1486 810 1524 quo
829 1486 886 1510 res
910 1473 1097 1522 judicatas
1115 1473 1316 1512 videbatur

201 1525 363 1563 voluisse
381 1526 601 1574 rescindere,
618 1534 662 1564 ut
676 1534 924 1564 statueretur:
956 1527 1064 1565 Sulla
1075 1534 1173 1564 recte
1187 1540 1313 1578 repre-

198 1579 342 1616 hendit.
373 1580 501 1617 Status
521 1580 622 1618 enim
642 1581 858 1631 reipublicae
875 1581 1044 1619 maxime
1059 1580 1236 1629 judicatis
1254 1594 1313 1618 re-

199 1634 271 1670 bus
301 1633 524 1670 continetur.
566 1634 704 1685 Neque
728 1647 796 1684 ego
824 1641 974 1672 tantum
996 1633 1161 1672 fraterno
1190 1635 1310 1673 amori

197 1686 370 1723 dandum
389 1687 561 1734 arbitror,
581 1694 625 1724 ut
640 1688 843 1739 quisquam
862 1688 909 1725 de
921 1688 1041 1729 salute
1053 1700 1209 1725 suorum
1221 1701 1310 1726 con-

197 1740 310 1787 sulat,
327 1752 569 1778 communem
581 1741 781 1792 relinquat.
811 1741 924 1778 Nihil
935 1741 981 1778 de
989 1741 1132 1790 judicio
1144 1741 1307 1779 ferebat:

196 1793 261 1830 sed
285 1806 437 1843 poenam
462 1795 627 1832 ambitsns
652 1808 736 1832 eam
755 1795 912 1841 ferebat,
938 1808 1025 1845 quae
1045 1794 1168 1833 fuerat
1186 1808 1309 1846 nuper

195 1846 450 1897 superioribus
460 1847 607 1898 legibus
624 1848 835 1886 constituta.
850 1849 1000 1899 Itaque,
1013 1848 1085 1886 hac
1098 1849 1305 1899 rogatione,

194 1911 268 1936 non
286 1900 460 1948 judicum
481 1902 718 1949 sententiam,
736 1902 800 1939 sed
813 1902 907 1952 legis
919 1901 1070 1948 vitium,
1085 1903 1304 1953 corrigebat.

193 1953 322 1991 Nemo
336 1954 525 2002 judicium
544 1955 796 2005 reprehendit,
816 1968 905 1993 cum
923 1955 970 1994 de
987 1956 1100 2006 poena
1118 1956 1303 2008 queritur,

192 2006 257 2044 sed
275 2007 424 2058 legem;
456 2007 649 2046 damnatio
668 2009 770 2046 enim
789 2016 844 2046 est
859 2009 1048 2058 judicum,
1068 2023 1154 2060 quae
1172 2022 1304 2047 mane-

192 2061 285 2106 bat3
315 2073 426 2111 poena
442 2061 550 2111 legis,
571 2075 657 2113 quae
675 2063 882 2100 levabatur.
913 2063 1008 2100 Noli
1028 2063 1143 2113 igitur
1156 2063 1305 2100 animos

191 2126 323 2151 eorum
352 2115 545 2161 ordinum,
577 2115 645 2166 qui
669 2123 837 2166 praesunt
861 2115 1013 2165 judiciis
1037 2116 1191 2154 summa
1212 2129 1299 2154 cum

190 2167 375 2216 gravitate
394 2175 430 2205 et
448 2168 645 2219 dignitate,
667 2168 828 2207 alienare
847 2183 869 2207 a
887 2170 1011 2208 causa.
1043 2170 1170 2208 Nemo
1187 2170 1300 2208 labe-
