1425 2334
269 95 382 135 PRO
410 96 582 137 DOMO
610 98 731 137 sUA.
760 98 865 137 CAP.
894 99 958 142 47.
1086 100 1159 144 173

68 201 236 240 viderer:
276 201 346 240 etsi
376 202 537 242 effluunt
568 205 691 242 multa
722 217 768 242 ex
799 204 922 242 vestra
957 203 1169 255 disciplina,

69 267 156 306 quae
173 254 286 293 etiam
300 255 349 293 ad
359 263 502 295 nostras
516 270 623 296 aures
642 271 741 309 saepe
753 266 989 308 permanant.
1020 258 1172 296 Postem

69 307 188 346 teneri
206 308 246 346 in
264 308 495 348 dedicatione
508 318 677 361 oportere
695 311 822 349 videor
842 310 991 348 audisse
1009 311 1140 361 templi
1159 325 1170 349 :

69 360 124 400 ibi
142 361 243 399 enim
272 362 388 412 postis
413 369 481 411 est,
511 363 579 402 ubi
602 363 736 414 templi
762 363 886 401 aditus
912 371 967 400 est
985 371 1021 400 et
1041 365 1170 401 valvae.

69 413 354 453 Ambulationis
364 422 486 466 postes
500 429 612 455 nemo
623 429 794 467 unquam
806 416 926 453 tenuit
939 416 978 453 in
998 416 1173 454 dedican-

70 466 139 505 do:
160 467 404 506 simulacrum
415 477 544 508 autem
555 477 620 507 aut
632 483 736 507 aram
750 470 782 508 si
793 469 984 515 dedicasti,
1002 469 1080 506 sine
1091 470 1176 507 reli-

70 520 182 570 gione
199 521 280 559 loco
298 521 440 560 moveri
458 530 589 574 potest.
621 523 695 562 Sed
706 524 787 572 jam
801 523 872 560 hoc
883 522 1003 560 dicere
1017 522 1087 560 tibi
1101 534 1176 560 non

71 573 212 621 licebit,
233 575 414 625 quoniam
431 577 646 626 pontificem
664 584 811 626 postem
829 575 990 613 tenuisse
1007 575 1147 613 dixisti.

125 625 374 678 Quamquam
397 629 490 679 quid
509 642 577 680 ego
598 629 644 667 de
663 629 892 666 dedicatione
915 628 1049 679 loquor
1064 631 1081 666 Ρ
1110 636 1177 666 aut

72 679 166 730 quid
194 679 241 717 de
259 688 379 719 vestro
404 683 504 730 jure,
532 691 568 721 et
593 683 785 733 religione,
805 689 934 720 contra
956 694 1073 732 quam
1090 694 1178 732 pro·

73 745 286 784 posueram,
306 734 457 785 disputo
473 737 491 773 ⁴?

124 785 304 824 XLVII.
331 787 419 838 Ego
448 801 547 834 vero,
574 789 606 826 si
628 788 756 826 omnia
783 787 1014 826 sollennibus
1033 786 1170 833 verbis,

75 839 263 877 veteribus
282 847 319 877 et
336 840 466 890 priscis
489 841 680 889 institutis,
708 848 791 878 acta
809 853 886 879 esse
904 840 1065 878 dicerem
1081 854 1093 885 3
1123 846 1180 876 ta-

74 904 164 930 men
192 904 255 929 me
280 893 495 943 reipublicae
520 895 605 943 jure
635 894 884 932 defenderem.
912 894 995 941 An,
1015 905 1103 931 cum
1134 900 1176 930 tu

75 946 175 993 (ejus
194 945 283 982 civis
301 945 476 994 discessu,
497 948 605 996 cujus
622 947 735 984 unius
753 947 866 997 opera
894 953 1045 983 senatus
1063 953 1177 996 atque

75 1010 206 1036 omnes
227 998 317 1035 boni
336 999 524 1036 civitatem
547 1012 624 1038 esse
641 1000 869 1038 incolumem
889 999 995 1036 toties
1010 999 1176 1047 judicas-

75 1057 174 1097 sent)
187 1063 402 1101 oppressam
421 1052 610 1090 teterrimo
623 1052 817 1090 latrocinio
832 1064 919 1090 cum
935 1052 1082 1089 duobus
1101 1064 1178 1089 sce-

75 1103 306 1141 leratissimis
318 1105 533 1143 consulibus
546 1106 818 1156 rempublicam
831 1112 972 1142 teneres
986 1118 998 1149 ς
1019 1104 1177 1142 domum

76 1157 171 1204 ejus,
192 1156 259 1206 qui
276 1157 452 1207 patriam,
475 1171 498 1195 a
521 1171 558 1195 se
577 1165 775 1206 servatam,
795 1159 915 1208 perire
934 1170 1001 1194 suo
1026 1157 1180 1194 nomine

75 1209 268 1257 noluisset,
288 1222 355 1260 per
378 1210 593 1261 pontificem
611 1211 777 1262 aliquem
796 1209 1024 1255 dedicassem
1053 1217 1177 1260 posset

76 1269 240 1300 recreata
273 1263 483 1313 respublica
514 1264 693 1302 sustinere
711 1266 727 1302 ?
757 1264 858 1301 Date
886 1263 975 1301 huic
1007 1263 1179 1312 religioni

76 1314 238 1362 aditum,
257 1316 472 1366 pontifices:
498 1318 580 1366 jam
606 1318 759 1354 nullum
783 1317 944 1354 fortunis
969 1316 1180 1353 communi-

77 1370 150 1407 bus
168 1369 315 1406 exitum
331 1370 530 1420 reperietis.
559 1370 642 1417 An,
662 1371 693 1408 si
710 1377 856 1420 postem
874 1369 1036 1407 tenuerit
1054 1369 1179 1419 ponti-

77 1421 156 1469 fex,
182 1429 220 1459 et
243 1423 369 1469 verba,
389 1423 439 1460 ad
459 1423 679 1474 religionem
709 1423 881 1461 Deorum
904 1422 1178 1459 immortalium

78 1475 297 1525 composita,
318 1475 367 1513 ad
384 1476 588 1526 perniciem
607 1477 746 1515 civium
766 1475 1011 1520 transtulerit,
1042 1475 1180 1513 valebit

79 1527 129 1564 ad
146 1527 325 1576 injuriam
343 1541 482 1567 nomen
509 1529 786 1568 sanctissimum
811 1528 1026 1579 religioni53
1058 1528 1088 1565 si
1113 1528 1180 1565 tri-

79 1581 206 1618 bunus
223 1581 357 1631 plebiS,
377 1582 500 1620 verbis
524 1595 600 1621 non
619 1583 746 1620 minus
760 1582 904 1633 priscis,
926 1590 962 1619 et
979 1593 1087 1632 paene
1107 1582 1180 1618 sol-

80 1633 270 1681 lennibus,
290 1636 390 1672 bona
414 1635 503 1673 civis
527 1636 740 1687 cujuspiam
759 1635 994 1683 consecrarit,
1022 1646 1097 1672 non
1117 1647 1181 1671 va-

81 1686 173 1724 lebit
189 1689 206 1724 ‚⁹
234 1688 360 1738 Atqui
389 1688 434 1726 C.
464 1689 638 1737 Atinius,
668 1696 821 1740 patrum
850 1686 1045 1734 memoria,
1081 1689 1181 1725 bona

83 1738 135 1786 Q.
156 1739 321 1787 Metelli,
342 1741 409 1791 qui
438 1754 524 1779 eum
548 1754 595 1780 ex
620 1750 751 1780 senatu
774 1753 903 1780 censor
930 1742 1100 1790 ejecerat,
1122 1740 1182 1778 avi

84 1791 155 1838 tui,
176 1791 227 1838 Q.
248 1792 419 1842 Metelle,
440 1803 476 1832 et
494 1795 564 1841 tui,
592 1796 637 1832 P.
659 1795 807 1843 Servili,
835 1802 870 1832 et
889 1794 1016 1845 proavi
1034 1793 1105 1839 tui,
1134 1794 1180 1830 P.

83 1844 224 1894 Scipio,
255 1847 494 1895 consecravit,
525 1848 650 1887 foculo
673 1848 793 1899 posito
817 1847 857 1884 in
883 1847 1044 1894 Rostris,
1073 1846 1182 1883 adhi-

81 1897 238 1948 bitoque
255 1898 417 1937 tibicine.
446 1899 553 1947 Quid
572 1909 655 1939 tum
668 1903 686 1939 Ρ
714 1913 809 1938 num
827 1901 892 1938 ille
915 1900 1020 1937 furor
1038 1899 1189 1936 tribuni*

82 1950 218 2000 plebis,
237 1950 372 1990 ductus
397 1965 444 1990 ex
472 1954 664 1992 nonnullis
688 1962 857 1992 veterum
879 1960 1092 2003 temporum
1116 1964 1181 1988 ex-

83 2003 233 2054 emplis,
253 2004 378 2042 fraudi
395 2005 554 2044 Metello
571 2007 659 2055 fuit,
680 2020 830 2046 summo
849 2006 904 2043 illi
923 2012 960 2043 et
976 2004 1181 2043 clarissimo

82 2056 189 2095 viro?
218 2056 329 2096 Certe
346 2070 422 2096 non
440 2058 525 2097 fuit.
642 2096 646 2099 .

137 2109 317 2148 Vidimus
334 2111 404 2149 hoc
422 2112 522 2150 idem
542 2113 612 2151 Cn.
634 2114 799 2152 Lentulo
823 2111 964 2150 censori
984 2110 1179 2148 tribunum

81 2162 201 2212 plebis
219 2163 348 2204 facere.
379 2165 582 2219 Numquid
605 2167 718 2217 igitur
741 2168 771 2205 is
795 2169 908 2255 bona⁸⁵
917 2163 1069 2202 Lentuli
1094 2162 1180 2200 reli-

836 2230 864 2258 Ω
885 2219 893 2230 .
