1435 2328
191 82 243 121 54
464 80 576 118 PRO
605 78 802 118 SULLA.
833 80 937 118 CAP.
972 78 1031 116 10.

193 188 259 226 tris
277 187 482 226 cervicibus
507 187 651 239 depuli,
672 187 831 236 judices,
858 200 881 224 a
908 186 1004 224 meis
1033 197 1110 223 non
1128 179 1270 223 'remm'ri
1288 188 1308 223 τ’

193 241 265 280 nisi
295 254 382 280 vero
410 254 549 292 paucos
577 241 692 279 fuisse
716 240 966 287 arbitramini,
993 239 1061 291 qui
1086 239 1212 276 conari
1234 247 1301 277 aut

192 308 340 346 sperare
367 303 533 346 possent,
558 308 596 333 se
623 302 774 332 tantum
799 294 1002 345 imperium
1035 305 1141 344 posse
1166 292 1301 331 delere.

192 349 348 387 Horum
368 363 436 400 ego
465 349 564 387 faces
583 349 724 399 eripere
742 347 788 385 de
806 348 997 394 manibus,
1019 354 1055 384 et
1072 346 1217 397 gladios
1236 350 1304 384 ex?

191 410 366 454 torquere
384 403 505 454 potui,
527 403 623 440 sicut
640 401 735 439 feci:
766 401 979 439 voluntates
1006 413 1092 438 vero
1118 400 1303 437 conscele-

190 464 289 494 ratas
308 470 351 494 ac
366 456 526 494 nefarias
545 468 613 493 nec
626 468 755 493 sanare
773 454 894 505 potui,
915 467 983 491 nec
1002 454 1142 491 tollere.
1172 452 1305 500 Quare

192 521 269 547 non
300 522 385 547 sum
418 509 578 555 nescius,
613 515 756 559 quanto
784 508 952 559 periculo
981 508 1107 545 vivam
1132 506 1172 543 in
1195 507 1302 544 tanta

190 563 438 600 multitudine
457 562 733 613 improborum,
755 574 842 599 cum
866 561 962 598 mihi
984 561 1052 598 uni
1070 573 1158 598 cum
1178 560 1302 598 omni-

190 618 263 654 bus
291 616 474 667 improbis
500 624 683 654 aeternum
711 615 860 653 videam
885 615 1031 652 bellum
1050 627 1128 652 esse
1152 627 1303 665 suscep-

191 677 288 708 tum.
728 702 729 705 ,

245 724 298 762 Χ.
330 723 447 771 Quod
473 724 504 761 si
525 723 600 761 illis
622 723 718 761 meis
736 722 918 773 praesidiis
936 722 1032 759 forte
1050 720 1219 767 invides;
1249 729 1300 768 et,

193 777 224 815 si
243 790 286 815 ea
304 777 374 815 tibi
393 778 495 828 regia
512 777 701 823 videntur,
726 775 829 827 quod
847 788 978 813 omnes
999 775 1104 823 boni,
1125 775 1300 813 omnium

191 843 375 881 generum
405 839 520 882 atque
549 831 741 875 ordinum,
766 842 875 868 suam
908 829 1069 867 salutem
1098 841 1187 866 cum
1215 829 1303 867 mea

192 886 456 935 conjungunt3
487 885 677 923 consolare
695 891 745 930 te,
762 882 865 934 quod
879 883 1052 921 omnium
1071 889 1216 920 mentes
1229 883 1303 920 im-

193 940 401 988 proborum
426 938 523 976 mihi
548 938 616 975 uni
640 938 809 975 maxime
828 943 917 974 sunt
941 936 1097 973 infensae
1117 942 1153 973 et
1171 936 1303 973 adver-

194 1005 245 1029 sae
261 1007 271 1029 :
303 992 370 1044 qui
389 1005 451 1030 me
470 1005 545 1030 non
565 992 689 1030 solum
707 991 844 1029 idcirco
863 990 1036 1037 oderunt,
1053 989 1156 1041 quod
1171 1002 1302 1028 eorum

198 1054 354 1084 conatus
384 1046 521 1097 impios
546 1053 582 1084 et
607 1045 773 1083 furorem
803 1044 1095 1082 consceleratum
1117 1043 1302 1094 repressi;

194 1099 260 1137 sed
285 1113 328 1138 eo
355 1100 468 1137 etiam
493 1099 628 1150 magiS,
660 1099 762 1149 quod
790 1098 886 1135 nihil
911 1098 993 1146 jam
1019 1110 1057 1135 se
1083 1096 1218 1144 simile,
1238 1109 1302 1134 me

192 1153 293 1201 vivo,
327 1154 453 1192 conari
484 1166 592 1204 posse
624 1152 864 1190 arbitrantur.
899 1151 958 1188 At
990 1163 1076 1188 vero
1108 1150 1201 1201 quid
1233 1163 1303 1201 ego

193 1206 324 1255 miror,
356 1207 387 1244 si
410 1207 504 1258 quid
529 1208 576 1244 ab
595 1206 778 1256 improbis
796 1206 843 1243 de
868 1217 930 1242 me
948 1204 1119 1255 improbe
1137 1204 1299 1247 dicitur:

193 1273 282 1298 curn
308 1261 356 1298 L.
387 1261 620 1312 Torquatus,
648 1260 831 1310 primum,
858 1258 938 1309 ipse
962 1258 1020 1295 his
1044 1257 1303 1295 fundamentis

194 1314 453 1353 adolescentiae
468 1314 593 1363 jactis,
610 1313 654 1351 ea
673 1326 738 1364 spe
751 1312 944 1364 proposita
962 1311 1206 1362 amplissimae
1217 1311 1301 1361 dig-

194 1367 335 1416 nitatis,
381 1368 516 1406 deinde
558 1367 606 1404 L.
645 1367 846 1417 Torquati,
892 1365 1085 1403 fortissimi
1122 1365 1299 1410 consulis,

194 1422 485 1460 constantissimi
514 1421 706 1468 senatoris,
734 1433 881 1471 scznper
905 1419 1041 1469 optimi
1060 1418 1163 1466 civis,
1184 1418 1299 1463 filius,

194 1474 388 1513 interdum
411 1475 586 1513 efferatur
611 1474 922 1512 immoderatione
951 1474 1152 1510 verborum
1169 1475 1186 1510 ‘?
1215 1472 1300 1523 qui,

195 1541 285 1566 cum
311 1529 510 1580 suppressa
541 1541 630 1567 voce
655 1528 702 1566 de
728 1529 862 1566 scelere
888 1527 934 1564 P.
960 1526 1132 1572 Lentuli,
1163 1526 1211 1563 de
1233 1539 1302 1563 au-

193 1582 301 1620 dacia
330 1584 613 1632 conjuratorum
642 1581 816 1619 omnium
843 1580 1011 1627 dixisset,
1037 1579 1304 1618 tantummodo

194 1643 239 1674 ut
257 1649 335 1684 vos,
357 1637 424 1688 qui
446 1650 489 1674 ea
520 1635 701 1687 probatis,
726 1635 904 1673 exaudire
928 1634 1106 1684 possetis3
1137 1632 1184 1670 de
1213 1646 1304 1683 sup-

193 1689 307 1740 plicio
327 1691 373 1728 P.
404 1690 576 1738 Lentuli,
596 1690 643 1727 de
662 1702 819 1737 carcere,
848 1687 990 1738 magna
1008 1694 1046 1725 et
1064 1687 1304 1737 queribunda

195 1756 285 1784 voce
303 1745 463 1782 dicebat.

249 1801 298 1837 In
325 1811 401 1850 quo
426 1798 595 1849 primum
620 1797 717 1835 illud
736 1806 814 1836 erat
832 1796 1054 1843 absurdum,
1075 1793 1178 1846 quod
1198 1797 1303 1837 (cum

196 1867 254 1901 ea,
274 1866 361 1904 quae
384 1852 519 1890 leniter
544 1851 703 1897 dixerat,
735 1851 840 1889 vobis
864 1851 1023 1901 probare
1048 1849 1211 1895 volebat,
1242 1861 1304 1886 eos

194 1915 337 1954 autem,
358 1906 425 1957 qui
444 1905 586 1943 circum
602 1904 790 1953 judicium
806 1906 968 1951 stabant,
988 1902 1118 1940 audire
1136 1902 1305 1949 nolebat)

194 1973 270 1999 non
288 1960 538 2010 intelligebat,
559 1971 616 2006 ea,
637 1972 723 2009 quae
737 1959 835 1996 clare
853 1957 1004 2004 diceret,
1023 1956 1078 1993 ita
1094 1956 1179 1993 illos
1197 1954 1305 1992 audi-

194 2022 311 2061 turos,
332 2013 471 2064 quibus
490 2025 530 2050 se
547 2011 778 2057 venditabat,
794 2019 838 2049 ut
856 2024 922 2049 vos
940 2022 1092 2062 quoque
1110 2008 1303 2056 audiretis,

195 2069 263 2120 qui
279 2067 320 2105 id
338 2079 414 2105 non
433 2065 648 2117 probabatis
664 2080 674 2103 ι
706 2065 841 2103 deinde
859 2065 1021 2102 alterum
1042 2064 1125 2112 jam
1143 2062 1301 2100 oratoris

195 2122 345 2168 vitium,
377 2133 453 2158 non
486 2120 625 2167 videre,
663 2119 756 2170 quid
789 2131 950 2170 quaeque
979 2129 1091 2155 causa
1121 2114 1298 2167 postulet.

197 2175 306 2213 Nihil
325 2182 380 2213 est
397 2174 498 2212 enim
518 2180 597 2211 tam
616 2173 783 2211 alienum
802 2175 850 2210 ab
877 2184 919 2209 eo
938 2171 1006 2221 qui
1031 2170 1194 2208 alterum
1211 2180 1301 2207 eon-
