1435 2308
254 421 334 474 M.
354 421 598 473 TULLII
639 422 1020 477 CICERONIS

438 541 663 581 ORATlo
690 542 851 584 XXIV.

387 755 518 802 PRO
553 755 607 802 L.
642 754 912 804 FLACCO.

568 914 720 945 -ο-

429 1038 865 1080 ARGUMENTUM.

97 1144 289 1185 CAESARE
303 1152 341 1184 et
353 1146 496 1185 Bibulo
507 1148 737 1197 consulibus,
754 1153 948 1186 accusatus
963 1153 1017 1185 est
1031 1146 1079 1185 de
1096 1160 1202 1200 repe-

97 1199 226 1237 tundis
245 1200 292 1238 L.
306 1199 478 1248 Flaccus,
492 1202 560 1252 qui
578 1202 714 1239 Asiam
729 1214 796 1253 per
807 1201 1013 1238 triennium
1027 1214 1096 1251 pro
1107 1215 1204 1253 prae-

99 1259 180 1291 tore
205 1253 432 1302 obtinuerat,
456 1267 479 1292 a
504 1255 556 1292 D.
586 1255 719 1293 Laelio.
764 1256 870 1292 Inter
893 1255 974 1303 ejus
995 1254 1205 1295 defensores

98 1309 207 1349 (nam
226 1314 310 1344 tum
329 1307 449 1346 tribus
467 1307 544 1346 fere
563 1309 771 1346 actionibus
783 1320 904 1345 causae
917 1309 1203 1358 perorabantur‚

99 1359 157 1397 ui
182 1372 202 1398 e
228 1359 407 1405 Cicerone
431 1361 626 1407 discimus)
657 1361 732 1399 fuit
755 1361 910 1406 Cicer03
922 1374 1017 1421 ‘quo
1035 1363 1203 1409 consule,

98 1419 237 1464 praetor
254 1413 378 1452 fuerat
402 1414 574 1463 Flaccus,
600 1415 896 1466 Ciceronemque
920 1413 960 1451 in
979 1413 1207 1454 vindicanda

100 1467 358 1516 conjuratione
372 1469 533 1517 juverat.
568 1468 808 1506 Defensionis
827 1474 954 1506 autem
974 1466 1055 1505 haec
1073 1475 1128 1506 est
1145 1482 1206 1506 ra-

97 1519 166 1568 tio,
185 1526 230 1557 ut
247 1520 387 1571 partim
401 1534 424 1558 a
441 1521 640 1572 superioris
652 1521 738 1559 vitae
752 1520 979 1567 innocentia,
996 1527 1032 1558 et
1046 1522 1207 1560 summis

97 1571 139 1610 in
157 1573 432 1635 rempublicam
443 1575 586 1612 meritis
600 1574 772 1621 ducatur,
793 1574 931 1625 partim
947 1586 970 1611 a
985 1573 1206 1613 Graecorum

98 1626 253 1664 testium
266 1626 306 1664 in
318 1627 536 1666 universum
550 1628 737 1675 omnium,
752 1635 837 1665 tum
851 1627 1014 1665 horum'
1003 1628 1205 1678 imprimis,

97 1678 264 1727 levitate,
277 1680 344 1731 qui
358 1688 486 1719 contra
498 1681 693 1728 Flaccum,
706 1680 910 1718 testimonii
920 1680 1067 1717 dicendi
1079 1681 1206 1729 causa,

101 1745 149 1771 ex
168 1733 267 1771 Asia
283 1735 451 1772 Romam
470 1742 659 1772 v.enerant
690 1735 736 1772 In
754 1747 829 1785 quo
844 1745 931 1771 cum
946 1733 1134 1772 w'deretur
1145 1748 1207 1773 eos

100 1785 301 1834 offendere,
321 1795 388 1825 aut
406 1795 503 1826 certe
520 1788 679 1825 minime
693 1786 961 1825 consentientes
975 1787 1125 1833 habere,
1140 1788 1208 1839 qui

103 1838 254 1877 Graecos
278 1840 517 1878 vehementer
539 1841 846 1885 admirabantur;
876 1852 1026 1877 summo
1051 1841 1207 1878 artificio

99 1903 281 1943 magnam
294 1893 435 1932 Graecis
445 1894 598 1932 laudem
611 1894 800 1932 concedit
791 1893 946 1944 mgenii,
966 1893 1207 1931 inventarum

100 1951 139 1982 et
155 1945 404 1996 perfectarum
423 1947 576 1994 artium,
596 1947 842 1998 eloquentiae3
872 1946 986 1984 fidem
1001 1954 1129 1984 autem
1141 1959 1207 1984 ne-

104 2005 182 2049 gat.
212 1997 426 2037 Diluuntur
443 2000 578 2038 deinde
597 2001 710 2039 etiam
729 2001 804 2038 alia
822 1999 1004 2044 crimina3
1034 2012 1123 2037 cum
1137 2013 1206 2037 au-

102 2063 191 2089 rum
210 2052 398 2099 avertisse,
423 2053 526 2114 quod
543 2053 573 2092 J
574 2054 688 2101 udan,
708 2053 898 2104 religionis
923 2064 1046 2099 causa,
1068 2052 1206 2090 Hiero-

104 2104 292 2155 solymam
309 2107 511 2157 quotannis
530 2107 680 2146 mittere
701 2107 883 2153 solebant,
914 2111 951 2143 et
977 2105 1205 2155 quibusdam

103 2157 248 2195 civibus
267 2159 453 2198 Romanis
469 2159 651 2208 injuriam
668 2159 811 2207 fecisse,
830 2158 1025 2198 diceretur.

157 2211 309 2259 (Orat.)
329 2221 432 2250 vol..
456 2223 527 2250 ιιι.
956 2220 983 2247 Β
