1425 2334
337 94 400 133 IN
430 92 742 132 VATINIUM.
772 92 876 131 CAP.
892 93 930 130 3.
1100 94 1177 133 329

66 202 320 240 defensionem
338 201 377 238 in
392 199 598 238 maledictis
610 198 860 248 objiciendam
871 198 1027 250 putaris.
1055 202 1170 241 Asstta-

66 268 155 293 men
179 255 264 302 hoc,
285 253 431 300 Vatini,
451 260 654 299 memento,
675 253 789 303 paulo
807 260 892 303 post
909 253 1021 290 istam
1039 252 1168 291 defen-

65 308 210 346 sionem
228 319 366 367 meam,
387 318 503 357 quam
522 313 564 343 tu
584 305 690 343 bonis
709 305 795 343 viris
813 305 1043 356 displicuisse
1060 306 1165 356 dicis,

65 373 142 407 me,
163 373 251 399 cum
269 360 433 398 universi
450 359 582 410 populi
606 359 772 396 Romani
790 371 941 396 summa
959 359 1165 407 voluntate,

68 421 150 453 tum
168 414 303 464 optimi
320 414 503 463 cujusque
521 411 703 461 singulari
721 411 858 458 studio,
879 412 1169 462 magnificentis-

66 466 160 505 sime
187 474 272 518 post
298 465 498 504 hominum
527 465 748 502 memoriam
778 465 967 502 consulem
997 464 1165 503 factum·
1153 493 1165 512 ,

66 520 271 570 omniaque
287 533 331 557 ea
347 532 410 556 me
429 517 613 568 pudenter
631 517 789 555 vivendo
815 525 1055 556 consecutum
1075 531 1166 566 esse,

66 585 153 633 quae
173 581 213 610 tu
231 572 470 623 impudenter
488 571 723 609 vaticinando
742 583 887 622 sperare
908 580 944 608 te
968 584 1065 622 saepe
1083 571 1167 609 dix-

69 625 143 663 isti.

121 678 203 716 111.
235 679 353 724 Nam,
374 677 476 729 quod
495 677 589 715 mihi
607 677 810 715 discessum
834 677 1000 726 objecisti
1019 690 1164 722 meum,

65 738 102 769 et
119 732 222 782 quod
239 732 376 769 horum
396 731 551 781 (quibus
563 730 627 767 ille
638 730 715 767 dies
729 730 986 768 acerbissimus
996 730 1083 777 fuit,
1099 730 1166 781 qui

64 784 167 822 idem
198 785 266 823 tibi
297 784 526 829 laetissimus)
544 784 691 820 luctum
715 790 751 820 et
777 783 962 833 gemitum
990 796 1166 822 renovare

65 838 240 882 voluisti;
261 845 410 875 tantum
431 837 499 874 tibi
510 836 729 886 respondeo,
742 849 817 883 me,
833 849 920 873 cum
938 843 993 883 tu,
1008 843 1166 874 caeterae-

64 904 138 941 que
156 891 371 941 reipublicae
392 898 525 940 pestes,
543 901 734 926 armorum
753 901 905 926 causam
924 889 1161 939 quaerereti53

62 951 99 981 et
117 956 204 981 cum
225 957 289 994 per
307 955 436 980 meum
460 954 597 979 nomen
624 942 792 978 fortunas
810 942 1055 991 locupletium
1074 942 1163 979 diri„

60 1009 160 1046 pere,
178 996 398 1046 sanguinem
410 995 624 1046 principum
640 994 796 1031 civitatis
810 997 1018 1042 exsorbere,
1034 994 1164 1032 crude-

58 1049 205 1086 litatem
224 1058 383 1087 vestram
403 1048 608 1098 odiumque
618 1047 856 1092 diuturnum,
873 1048 975 1098 quod
988 1048 1028 1084 in
1047 1049 1164 1085 bonos

57 1103 139 1150 jam
159 1102 407 1140 inveteratum
425 1101 633 1144 habebatis,
661 1108 826 1137 saturare
845 1100 1050 1150 cuperetis;
1083 1113 1161 1138 sce-

60 1156 120 1192 lus
146 1163 182 1193 et
205 1155 370 1193 furorem
390 1162 554 1192 vestrum
578 1153 742 1191 cedendo
770 1153 950 1191 maluisse
973 1153 1158 1204 frangere,

60 1221 177 1258 quarn
197 1208 411 1246 resistendo.
437 1207 566 1254 Quare
584 1215 670 1257 peto
689 1219 712 1243 a
729 1213 778 1252 te,
799 1215 842 1243 ut
858 1206 955 1244 mihi
975 1206 1158 1257 ignoscas,

61 1261 205 1308 Vatini,
216 1274 303 1299 cum
315 1260 445 1312 patriae
455 1260 696 1311 pepercerim,
710 1272 826 1310 quam
841 1260 1054 1305 servaram,
1044 1273 1053 1283 ·
1069 1266 1118 1305 et,
1128 1259 1159 1296 si

61 1326 130 1364 ego
150 1322 185 1352 te
203 1314 429 1365 perditorem
443 1321 479 1351 et
487 1321 700 1351 vexatorem
713 1313 926 1362 reipublicae
938 1312 1028 1358 fero,
1045 1320 1086 1350 tu
1098 1324 1160 1350 me

57 1375 352 1405 conservatorem
381 1374 418 1404 et
446 1366 638 1404 custodem
665 1366 773 1403 feras.
812 1365 962 1403 Deinde
988 1366 1068 1414 ejus
1088 1365 1157 1403 viri

57 1419 289 1458 discessum
279 1432 461 1470 lncrepas,
481 1432 595 1470 quem
610 1418 726 1465 vides,
745 1418 918 1456 omnium
936 1418 1075 1456 civium
1094 1418 1158 1456 de-

56 1473 234 1522 siderio,
223 1474 340 1525 1psius
365 1473 527 1524 denique
544 1472 759 1523 reipublicae
776 1472 895 1519 luctu,
916 1484 994 1510 esse
1011 1484 1160 1510 revoca·

59 1534 142 1564 tum
154 1529 171 1565 ‚⁹

110 1579 169 1617 At
186 1579 288 1617 enim
305 1579 448 1627 dixisti,
475 1591 551 1616 non
575 1578 676 1625 mea,
703 1578 767 1616 sed
791 1577 1006 1628 reipublicae
1030 1578 1154 1624 causa,

54 1631 227 1670 homines
251 1633 298 1670 de
321 1645 407 1670 meo
431 1632 552 1669 reditu
578 1631 776 1669 laborasse.
807 1631 931 1678 Quasi
949 1644 1035 1668 vero
1054 1632 1157 1682 quis-

56 1697 172 1735 quam
185 1686 255 1732 vir,
270 1685 465 1724 excellenti
476 1685 603 1722 animo
614 1684 654 1721 in
666 1684 961 1734 rempublicam
951 1696 1154 1734 mgressus‚

55 1738 257 1788 optabilius
275 1737 486 1788 quidquam
504 1737 718 1783 arbitretur,
741 1750 858 1787 quam
877 1750 914 1774 se
932 1749 955 1774 a
973 1737 1049 1778 suis
1067 1737 1156 1775 civi-

55 1792 127 1828 bus
146 1790 360 1840 reipublicae
383 1803 495 1828 causa
512 1790 630 1850 diligi.
669 1790 816 1828 Scilicet
841 1803 970 1840 aspera
987 1802 1073 1827 mea
1091 1802 1158 1827 na-

52 1849 151 1888 tura,
172 1843 332 1881 difficilis
350 1843 486 1888 aditus,
506 1842 628 1894 gravis
640 1844 779 1891 vultus,
795 1844 957 1893 superba
967 1854 1156 1893 responsa,

53 1896 216 1934 insolens
234 1896 322 1934 vita.
353 1897 480 1934 Nemo
493 1896 769 1934 humanitatem
788 1909 927 1940 meam,
943 1908 1054 1933 nemo
1066 1908 1156 1934 con-

53 1949 307 2010 suetudinem,
326 1961 438 1987 nemo
455 1948 667 1994 consilium,
687 1962 798 1986 nemo
817 1949 1017 1993 auxilium,
1030 1948 1156 1999 requi..

49 2003 182 2047 rebat;
203 2003 310 2051 cujus
327 2002 508 2040 desiderio
523 2005 583 2043 (ut
599 2002 679 2040 haec
697 2001 856 2039 minima
874 2001 1013 2046 dicam)
1029 2000 1154 2040 forum

51 2062 244 2101 moestum,
256 2063 365 2094 muta
377 2055 494 2103 curia,
506 2055 634 2093 omnia
644 2055 806 2106 denique
819 2056 1005 2092 bonarum
1015 2054 1154 2093 artium

52 2107 177 2146 studia
190 2107 386 2151 siluerunt.

108 2160 183 2199 Sed
201 2160 293 2199 nihil
313 2161 361 2199 sit
385 2161 527 2200 factum
552 2173 639 2201 mea
656 2160 791 2200 causa:
821 2159 951 2249 gmnga
967 2159 1033 2198 illa
1051 2173 1158 2204 sena-

862 2224 888 2250 r
