1435 2328
219 76 270 114 40
473 77 587 116 PRO
618 76 853 117 FLACCO.
883 79 988 116 CAP.
1009 75 1073 116 41.

217 191 254 222 et
273 183 507 236 Phrygibus,
527 193 564 224 et
576 185 715 237 Mysis,
731 185 912 224 obsistent
930 185 1201 232 Massilienses,
1222 182 1332 222 Rho-

215 237 283 284 dii,
298 237 591 287 Lacedaemonii,
604 239 870 287 Athenienses,
886 239 1189 287 cunctaAchaIa,
1205 238 1331 276 Thes-

215 291 322 340 salia,
343 292 502 331 Boeotia.
541 293 725 344 Septimio
750 300 787 331 et
806 293 924 332 Caelio
945 292 1116 340 testibus,
1138 293 1183 330 P.
1205 291 1330 330 Servi-

215 345 291 383 lius
321 353 357 383 et
382 346 435 383 A.
472 347 672 393 Metellus,
703 347 820 396 hujus
851 346 1006 398 pudoris
1030 345 1332 397 integritatisque

216 405 343 445 testes,
374 402 653 451 repugnabunt.
700 400 879 438 Asiaticae
906 399 1157 449 jurisdictioni
1185 400 1331 436 urbana

212 452 426 514 jurisdictio
450 455 713 506 respondebit.
753 454 871 491 annui
896 453 1075 504 temporis
1101 452 1330 491 criminatio-

215 517 305 544 nem
324 507 447 544 omnis
467 514 556 545 aetas
575 508 622 545 L.
645 508 772 546 Flacci
791 514 827 545 et
845 514 1028 558 perpetua
1045 507 1124 544 vita
1141 505 1330 544 defendet.

215 559 283 607 Et,
304 560 335 597 si
348 561 522 611 prodesse
541 562 588 599 L.
604 562 754 609 Flacco,
765 561 924 611 judices,
945 561 1069 607 debet,
1087 560 1189 611 quod
1209 572 1246 597 se
1265 559 1332 597 tri-

215 615 366 651 bunum
398 615 581 662 militum,
613 615 716 666 quod
746 622 986 666 quaestorem,
1017 614 1121 665 quod
1144 614 1330 664 legatum,

216 665 509 728 imperatoribus
549 668 778 715 clarissimis,
812 668 1037 706 exercitibus
1069 666 1330 710 ornatissimis,

215 720 416 770 provinciis
441 722 685 772 gravissimis,
713 722 874 773 dignum
901 721 979 759 suis
1004 721 1212 781 majoribus
1235 733 1332 770 prat·-

215 774 336 820 stitit;
366 776 498 826 prosit,
512 775 615 827 quod
633 775 710 824 hie,
731 775 836 813 vobis
848 774 1106 821 videntibus,'
1096 787 1136 811 1n
1155 773 1331 824 periculis

216 829 484 866 communibus
514 829 688 866 omnium
719 831 899 876 vestrum,
939 842 1008 866 sua
1044 828 1211 878 pericula
1243 839 1330 864 cum

215 881 311 919 meis
329 882 555 931 conjunxit:
585 883 731 934 prosint
758 882 1108 920 honestissimorum
1127 880 1331 931 municipi-

214 947 325 972 orum
340 935 650 987 coloniarumque
660 936 897 974 laudationes
912 950 922 973 ε
953 935 1072 987 prosit
1090 935 1204 972 etiam
1224 946 1331 972 sena-

215 990 275 1026 tus
292 990 503 1041 populique
522 990 690 1028 Romani
707 990 887 1041 praeclara
906 997 943 1028 et
961 1002 1048 1027 vera
1065 987 1246 1026 laudatio.

269 1043 308 1080 0
334 1055 410 1080 nox
429 1044 509 1090 illa,
538 1057 624 1094 quae
642 1056 750 1095 paene
770 1051 925 1081 aeternas
943 1042 1034 1081 huic
1053 1042 1139 1080 urbi
1158 1042 1330 1079 tenebras

212 1096 372 1134 attulisti
388 1097 397 1133 Σ
413 1110 517 1139 >cum
538 1097 643 1134 Galli
668 1097 716 1134 ad
734 1098 894 1144 bellum,
920 1096 1086 1134 Catilina
1099 1095 1148 1132 ad
1166 1095 1329 1141 Urbem,

212 1149 398 1198 conjurati
421 1150 470 1187 ad
491 1150 636 1190 ferrum
660 1159 696 1188 et
720 1150 932 1198 flammam,
953 1151 1213 1194 vocabantur;
1241 1161 1331 1186 cum

213 1215 283 1253 ego
313 1211 363 1249 te,
392 1203 539 1250 Flacce,
567 1204 703 1242 coelum
729 1211 955 1254 noctemque
985 1209 1210 1250 contestans,
1236 1202 1331 1239 flens

214 1256 368 1294 flentem
388 1258 625 1301 obtestabar;
656 1270 744 1295 cum
762 1264 840 1294 tuae
854 1257 942 1294 fidei
957 1255 1111 1306 optimae
1131 1262 1167 1293 et
1186 1263 1330 1306 specta-

214 1309 369 1347 tissimae
388 1311 549 1348 salutem
564 1311 668 1349 urbis
681 1317 717 1348 et
729 1310 869 1348 civium
889 1309 1215 1347 commendabam.
1246 1309 1327 1356 Tu,

214 1370 314 1411 tum,
328 1364 475 1410 Flacce,
491 1371 643 1414 praetor,
660 1363 872 1402 communis
887 1363 991 1401 exitii
1008 1363 1162 1400 nuntios
1175 1362 1327 1413 cepisti;

214 1423 257 1454 tu
269 1417 455 1455 inclusam
467 1417 506 1454 in
515 1417 633 1455 literis
645 1417 861 1468 reipublicae
870 1424 1013 1467 pestem
1027 1416 1326 1467 deprehendisti:

214 1477 258 1508 tu
277 1470 531 1521 periculorum
554 1471 705 1516 indicia,
730 1478 773 1508 tu
799 1470 932 1507 salutis
959 1469 1116 1517 auxilia,
1141 1469 1189 1507 ad
1210 1482 1274 1507 me
1292 1476 1330 1508 et

214 1524 263 1562 ad
282 1531 456 1561 senatum
475 1524 646 1562 attulisti.
677 1524 777 1571 Quae
795 1524 865 1561 tibi
883 1531 967 1561 tum
986 1523 1116 1574 gratiae
1131 1530 1219 1560 sunt
1231 1537 1253 1561 a
1265 1536 1330 1561 me

213 1585 306 1615 actae
322 1578 331 1615 !
363 1591 450 1628 quae
469 1579 517 1615 ab
536 1578 689 1615 senatu!
721 1590 807 1628 quae
826 1590 848 1614 a
867 1577 974 1615 bonis
991 1576 1169 1614 omnibus
1185 1577 1194 1614 l
1228 1576 1328 1624 Quis

213 1631 297 1678 tibi,
323 1631 408 1682 quis
440 1630 485 1668 C.
511 1631 704 1679 Pomtino,
735 1631 939 1668 fortissimo
967 1630 1061 1678 viro,
1093 1642 1327 1681 quemquam

214 1686 358 1722 bonum
377 1691 528 1736 putaret
546 1697 733 1736 unquam,
762 1696 838 1722 non
862 1684 1037 1729 salutem,
1057 1695 1190 1721 verum
1208 1683 1328 1721 hono-

211 1752 293 1776 rem
313 1739 453 1792 ullum,
467 1738 774 1789 denegaturum?
804 1738 842 1776 O
861 1750 971 1775 nonae
989 1737 1066 1774 illae
1080 1736 1326 1785 Decembres,

212 1805 312 1843 quae,
333 1805 396 1830 me
415 1793 581 1838 consule,
602 1792 751 1830 fuistis!
782 1805 896 1842 quem
917 1804 985 1842 ego
1004 1791 1106 1828 diem
1117 1803 1202 1829 vere
1219 1798 1328 1828 nata-

211 1846 287 1884 lem
296 1846 412 1895 hujus
418 1846 537 1892 urbis,
546 1853 613 1883 aut
620 1853 718 1884 certe
729 1845 946 1891 salutarem,
956 1844 1146 1896 appellare
1157 1856 1326 1895 possum.

264 1899 379 1937 XLI.
411 1899 449 1937 O
472 1911 549 1936 nox
573 1899 653 1947 illa,
674 1912 792 1950 quam
814 1898 884 1936 iste
908 1905 963 1936 est
984 1898 1062 1935 dies
1087 1905 1324 1945 consecutus,

209 1953 336 1991 fausta
362 1952 452 1990 huic
473 1952 586 1990 urbi!
618 1952 800 1990 miserum
827 1952 910 1989 me!
935 1959 1079 1998 metuo,
1100 1963 1149 1989 ne
1175 1951 1326 1989 funesta

210 2007 332 2045 nobis.
363 2006 445 2054 Qui
464 2013 548 2044 tum
567 2006 717 2044 animus
737 2006 785 2044 L.
799 2005 940 2054 Flacci,
958 2004 1071 2048 (nihil
1082 2004 1206 2043 dicam
1221 2004 1324 2043 enim

208 2060 256 2098 de
273 2066 398 2112 me)q
401 2060 441 2097 ui
459 2072 566 2097 amor
582 2059 622 2096 in
640 2059 817 2110 patriam,
838 2072 925 2110 quae
943 2059 1076 2107 virtus,
1096 2071 1182 2110 quae
1199 2057 1324 2109 gravi-

209 2121 268 2152 tas
282 2113 449 2152 exstitit!
480 2113 555 2151 Sed
570 2113 664 2165 quid
678 2126 722 2151 ea
732 2125 1001 2160 commemoro,
1016 2125 1103 2163 quae
1116 2118 1214 2158 tum,
1231 2123 1319 2149 cum

209 2168 432 2219 agebantur,
461 2178 539 2205 uno
562 2179 743 2206 consensu
767 2166 956 2215 omnium,
976 2166 1055 2204 una
1077 2177 1167 2204 voce
1188 2164 1323 2217 populi
