1435 2328
216 67 267 104 42
474 69 586 108 PRO
618 70 854 110 FLACCO.
883 71 990 110 cu.
1010 71 1073 108 42.

217 184 366 221 sumus,
379 174 482 214 hune
500 176 646 215 exitum
666 186 801 216 nostrae
814 178 1036 216 temeritatis
1053 175 1230 214 feremus.
1260 173 1328 213 Sin

216 225 289 264 hoc
307 228 435 266 animo
447 243 563 280 quam
575 231 759 281 plurimos
775 244 854 270 esse
868 231 996 279 vultis,
1011 229 1246 269 declarabitis
1258 228 1330 266 hoc

214 279 376 329 judicio,
397 283 491 333 quid
509 284 687 322 sentiatis.

269 334 390 384 Huic,
409 336 498 374 huie
516 337 654 375 misero
673 351 805 389 puero,
826 345 947 376 vestro
961 351 1004 376 ac
1022 337 1226 376 liberorum
1246 348 1329 373 ves-

214 394 359 426 trorum
374 390 549 440 supplici,
561 391 720 440 judiees,
736 392 808 430 hoc
821 392 964 441 judicio
976 389 1126 429 vivendi
1143 395 1330 440 praecepta

215 439 352 480 dabitis
367 456 377 480 ε
407 443 468 481 cui
483 443 513 481 si
527 453 674 495 patrem
686 445 911 483 conservatis
925 458 937 490 ς
958 444 1082 496 qualis
1100 443 1180 494 ipse
1193 442 1329 480 debeat

214 505 294 532 esse
308 496 410 544 civis,
424 498 694 548 praescribeas:
725 499 782 536 sin
801 498 967 549 eripitis;
990 496 1206 542 ostendetis,
1219 497 1329 534 bonae

213 547 363 597 rationi,
380 556 417 587 et
435 552 631 597 constanti,
649 559 685 589 et
704 551 823 602 gravi,
839 552 992 589 nullum
1007 564 1030 588 a
1041 550 1145 589 vobis
1159 550 1328 587 fructum

214 612 294 639 esse
310 604 558 654 propositum.
593 605 674 652 Qui
693 618 757 643 vos
777 605 976 656 (quoniam
995 612 1051 643 est
1068 604 1108 642 id
1127 603 1258 650 aetatis,
1283 608 1327 639 ut

214 666 367 693 sensum
383 658 464 706 jam
487 658 675 708 percipere
696 659 814 709 possit
832 671 879 696 ex
897 671 1055 696 moerore
1073 657 1209 708 patri0‚
1230 668 1329 693 aux-

212 707 323 746 ilium
338 710 509 748 nondum
524 711 622 762 patri
634 712 729 749 ferre
742 712 874 762 possit)
887 719 982 758 orat,
995 723 1043 749 ne
1054 724 1168 749 suum
1180 711 1328 747 luctum

214 762 331 811 patris
349 763 539 814 lacrymis,
559 765 676 815 patris
694 777 894 802 moerorem
913 778 980 802 suo
999 764 1106 812 fletu,
1129 762 1298 814 augeatis
1314 776 1325 799 ε

215 814 283 864 qui
298 816 411 854 etiam
426 830 488 854 me
499 817 682 866 intuetur,
698 831 762 856 me
776 819 885 855 vultu
898 818 1077 869 appellat,
1092 830 1217 855 meam
1230 829 1326 868 quo-

213 866 418 907 dammodo
436 870 529 909 flens
548 871 663 909 fidem
682 872 873 923 implorat,
887 885 929 909 ac
946 871 1081 922 repetit
1097 883 1195 918 eam,
1209 882 1327 921 quam

215 932 284 972 ego
302 923 401 974 patri
420 936 487 961 suo
512 924 706 976 quondam
728 938 798 977 pro
821 926 941 963 salute
962 925 1092 976 patriae
1117 923 1328 975 spoponde-

214 975 303 1023 rim,
323 976 558 1027 dignitatem.
596 979 836 1017 Miseremini
860 979 1029 1025 famssiae,
1052 978 1225 1027 judices3
1253 976 1328 1014 mi-

214 1030 390 1068 seremini
414 1031 608 1069 fortissimi
632 1033 773 1083 patris3
803 1032 1034 1070 miseremini
1056 1031 1150 1069 filii:
1186 1041 1325 1070 nomen

216 1083 467 1121 clarissimum
487 1092 523 1122 et
541 1085 802 1133 fortissimum,
823 1087 883 1123 vel
901 1085 1060 1136 generis,
1084 1086 1144 1123 vel
1162 1092 1327 1124 vetusta-1

219 1136 281 1184 tis,
301 1138 362 1176 vel
379 1137 543 1176 hominis
562 1138 686 1189 causa,
706 1139 921 1191 reipublicae
938 1146 1132 1178 reservate.
