1455 2343
165 88 246 125 304
437 89 550 128 PRO
579 88 803 129 SEXTIO.
835 89 938 128 CAP.
961 91 1024 135 47.

164 194 346 243 efficiunt,
360 197 502 234 summi
517 197 601 246 viri,
615 204 652 235 et
666 205 942 236 conservatores
955 197 1130 246 civitatis,
1146 205 1286 249 putan-

164 255 238 285 tur.
270 250 409 312 Neque
427 251 529 289 enim
548 264 676 289 rerum
691 252 944 302 gerendarum
959 252 1142 313 dignitate
1159 252 1285 290 homi-

162 313 228 340 nes
248 303 370 341 efferri
387 304 440 342 ita
459 305 647 352 convenit,
674 312 718 342 ut
737 305 812 343 otio
830 317 906 343 non
925 306 1181 357 prospiciant3
1213 318 1280 344 ne-

163 368 238 406 que
260 357 388 396 ullum
411 359 625 410 amplexari
648 359 784 408 otium,
812 359 916 410 quod
941 360 1140 398 abhorreat
1158 373 1181 398 a
1199 359 1283 411 dig-

163 409 296 448 nitate.

215 464 373 503 XLVI.
404 466 536 516 Hujus
555 475 684 506 autem
699 467 826 505 otiosae
840 467 1033 518 dignitatis
1048 468 1129 506 haec
1142 467 1281 506 funda-

159 525 290 556 menta
308 529 410 567 sunt,
431 521 512 559 haec
536 523 722 567 membra,
754 534 840 571 quae
862 521 1005 559 tuenda
1028 521 1277 572 principibus,

159 579 197 609 et
215 573 275 609 vel
294 573 425 624 capitis
450 574 617 625 periculo
643 574 892 622 defendenda,
920 582 1032 613 sunt:
1063 575 1277 625 religiones,

159 626 339 676 auspicia,
354 635 555 678 potestates,
571 628 880 679 magistratuum,
894 631 1042 667 senatus
1061 628 1276 675 auctoritas,

159 679 275 730 leges,
296 693 379 719 mos
399 683 608 742 majorum,
625 682 783 731 judicia,
809 682 1035 731 jurisdictio,
1062 682 1169 729 fides,
1189 695 1278 733 pro-

160 733 306 780 vinciae,
341 735 444 783 50011,
475 736 626 787 imperii
654 737 752 785 laus,
782 749 841 774 res
867 735 1057 783 militaris,
1087 736 1276 774 aerarium.

164 787 317 824 Harum
337 802 465 826 rerum
485 797 541 827 tot
555 797 670 850 atque
688 798 882 828 tantarum
898 803 976 828 esse
987 790 1222 828 defensorem
1242 797 1280 827 et

160 848 379 891 patronum,
401 843 532 894 magni
551 844 670 881 animi
689 851 757 892 est,
784 844 915 895 magni
934 843 1091 905 ingemi,
1111 856 1280 894 magnae-

162 907 238 945 que
268 897 498 934 constantiae.
532 897 705 945 Etenim,
731 898 771 935 in
801 905 907 936 tanto
940 898 1082 936 civium
1105 910 1280 945 numero,

161 960 306 999 magna
324 950 533 989 multitudo
553 958 607 989 est
627 965 759 990 eorum
777 951 858 1004 qui,
880 958 947 990 aut
964 958 1117 1004 propter
1134 958 1283 989 metum

161 1015 298 1052 poenae,
315 1012 557 1054 peccatorum
577 1019 733 1044 suorum
753 1006 903 1054 conscii,
917 1018 1033 1045 novos
1050 1012 1178 1043 motus
1196 1017 1286 1042 con-

164 1069 229 1093 101
232 1069 429 1109 Sionesque
456 1059 674 1120 reipublicae
697 1068 899 1111 quaerant·
887 1088 899 1106 ,
931 1067 998 1098 aut
1022 1059 1104 1111 qui,
1133 1066 1287 1110 propter

161 1110 323 1148 insitum
342 1112 551 1162 quemdam
574 1114 694 1151 animi
716 1113 899 1161 furorem,
929 1113 1123 1152 discordiis
1144 1112 1285 1150 civium

163 1177 206 1201 ac
225 1165 409 1203 seditione
428 1174 655 1217 pascantur;
686 1174 753 1204 aut
773 1167 854 1218 qui,
881 1174 1035 1218 propter
1059 1166 1285 1218 implicatio-

162 1229 252 1255 nem
272 1218 325 1256 rei
343 1219 554 1267 familiaris,
580 1220 776 1258 communi
793 1221 967 1259 incendio
986 1221 1136 1269 malint,
1167 1233 1285 1271 quam

161 1284 245 1319 su0,
267 1271 484 1323 deflagrare.
515 1274 596 1321 Qui
616 1286 704 1311 cum
720 1281 889 1312 auctores
908 1282 998 1312 sunt
1017 1282 1054 1312 et
1073 1274 1186 1312 duces
1198 1287 1284 1312 suo-

161 1337 250 1362 rum
270 1326 486 1365 studiorum
506 1328 763 1378 vitiorumque
781 1327 896 1375 nacti,
919 1328 959 1365 in
978 1327 1172 1379 republica
1190 1328 1284 1366 fluc-

160 1386 223 1417 tus
241 1379 480 1426 excitantur;
511 1388 554 1418 ut
574 1381 812 1431 vigilandum
833 1381 881 1418 sit
903 1381 949 1419 iis
969 1382 1037 1432 qui
1055 1382 1126 1419 sibi
1144 1383 1283 1431 guber-

160 1432 297 1471 nacula
328 1435 462 1484 patriae
491 1434 815 1485 depoposcerunt3
852 1435 1150 1486 enitendumque
1178 1435 1283 1472 omni

161 1486 319 1525 scientia
347 1500 390 1526 ac
417 1488 628 1539 diligentia,
656 1495 713 1536 ut,
739 1489 962 1527 conservatis
990 1488 1065 1536 his,
1099 1502 1186 1540 quae
1214 1502 1284 1540 ego

162 1540 280 1591 paulo
300 1548 388 1579 ante
410 1542 662 1580 fundamenta
684 1555 728 1580 ac
753 1544 927 1580 membra
945 1556 1024 1581 esse
1042 1543 1136 1591 dixi,
1157 1550 1284 1581 tenere

161 1606 314 1632 cursum
334 1596 492 1645 possint,
514 1605 550 1635 et
569 1609 699 1647 capere
713 1596 780 1633 otii
795 1596 907 1634 illum
925 1605 1080 1648 portum
1101 1604 1140 1634 et
1157 1597 1282 1647 digni-

160 1648 260 1686 tatis.
297 1647 412 1688 Hanc
434 1664 503 1701 ego
521 1650 638 1698 viam,
659 1650 820 1699 judices,
847 1650 879 1688 si
904 1658 971 1689 aut
998 1663 1186 1702 asperam,
1215 1659 1283 1689 aut

160 1702 335 1750 arduam,
353 1712 420 1741 aut
438 1705 592 1755 plenam
605 1717 683 1742 esse
696 1704 953 1755 periculorum
971 1712 1039 1742 aut
1055 1704 1281 1742 insidiarum

161 1768 314 1807 negem,
336 1759 524 1804 mentiar;
554 1758 763 1808 praesertim
782 1771 871 1796 cum
889 1758 929 1796 id
940 1771 1018 1796 non
1036 1758 1151 1797 modo
1169 1758 1281 1796 intel-

163 1810 325 1850 lexerim
344 1824 506 1864 semper,
518 1811 584 1850 sed
603 1812 718 1849 etiam
735 1820 872 1863 praeter
890 1820 1041 1851 caeteros
1059 1811 1252 1850 senserim.

213 1864 395 1905 XLVII.
417 1865 635 1915 Majoribus
650 1865 833 1916 praesidiis
848 1873 884 1904 et
902 1866 1018 1917 copiis
1036 1875 1282 1917 oppugnatur

162 1920 391 1969 respublica,
412 1933 527 1971 quam
549 1919 777 1967 defenditur,
797 1929 995 1972 propterea
1007 1919 1111 1980 quod
1122 1919 1282 1958 audaces

162 1971 337 2012 homines
364 1981 401 2012 et
424 1972 563 2025 perditi
586 1980 684 2012 nutu
710 1973 991 2024 impelluntur·
979 2003 991 2020 ‚
1021 1981 1058 2012 et
1075 1973 1148 2025 ipsi
1166 1973 1281 2011 etiam

159 2034 293 2086 sponte
312 2028 383 2065 sua
401 2035 530 2066 contra
547 2027 824 2077 rempublicam
842 2027 1070 2066 incitantur.
1093 2027 1183 2065 boni
1198 2030 1281 2070 (ne-

161 2079 237 2117 scio
264 2081 475 2132 quomodo)
504 2080 683 2118 tardiores
714 2088 827 2127 sunt3
857 2088 908 2130 et,
935 2080 1131 2133 principiis
1152 2093 1280 2119 rerum

160 2134 353 2183 neglectis,
368 2135 417 2174 ad
431 2142 646 2173 extremum
661 2134 744 2186 ipsa
762 2134 927 2186 denique
945 2135 1164 2174 necessitate
1182 2134 1284 2172 exci-

159 2193 288 2225 tantur
306 2202 318 2234 ;
349 2189 403 2228 ita
413 2196 457 2228 ut
472 2200 764 2240 nonnunquam),
785 2189 1022 2228 cunctatione
1040 2201 1083 2228 ac
1097 2187 1285 2236 tarditate,
