1455 2343
251 98 329 144 362
525 104 638 144 PRO
668 103 870 145 COELIO.
901 105 1005 145 CAP.
1032 106 1094 145 19.

250 220 330 251 met
338 212 531 251 vobiscum
540 211 803 251 recordamini:
816 214 906 252 nolo
914 213 1015 252 enim
1024 213 1248 265 cujusquam
1258 209 1366 250 fortis

251 275 366 318 atque
376 266 533 304 illustris
545 266 614 304 viri
625 279 673 305 ne
690 267 896 305 minimum
916 267 1072 329 quidem
1091 274 1258 305 erratum
1276 277 1366 304 cum

250 321 423 359 maxima
449 320 562 358 laude
590 323 828 372 conjungere.
869 321 986 382 Quod
1012 321 1044 359 si
1072 321 1191 359 facere
1209 319 1361 366 vellem,

250 375 366 413 multi
385 388 407 412 a
418 386 481 412 me
500 375 642 412 summi
656 382 770 426 atque
789 375 1016 413 ornatissimi
1030 375 1100 413 vin‘
1118 374 1366 438 praedicaren-

250 435 339 474 tur3
371 440 535 479 quorum
554 428 693 479 partim
716 428 836 466 nimia
856 429 1010 467 libertas
1033 428 1073 466 in
1099 425 1364 473 adolescentia,

250 483 390 535 partim
408 481 562 532 profusa
579 482 762 526 luxuries,
775 482 1001 533 magnitudo
1019 482 1100 520 aeris
1119 482 1246 529 alieni,
1263 493 1368 519 sum-

249 546 325 583 tus,
345 535 535 583 libidines,
548 535 859 573 nominarentur:
881 549 982 587 quae,
1001 535 1134 573 multis
1152 541 1282 586 postea
1293 533 1368 572 vir-

251 591 397 629 tutibus
416 590 577 637 obtecta,
598 588 871 637 adolescentiae,
892 589 960 640 qui
978 589 1105 638 vellet,
1125 588 1367 627 excusatione

248 643 476 682 defenderet.

302 697 423 735 XIX.
452 696 511 734 At
522 708 610 733 vero
627 696 668 733 in
687 696 748 734 M.
766 696 885 735 Coelio
900 696 1040 739 (dicam
1059 696 1162 735 enim
1178 696 1260 745 jam
1279 705 1368 733 con-

254 750 430 789 fidentius
461 749 507 787 de
536 749 669 788 studiis
702 751 784 798 ejus
813 750 992 798 honestis,
1031 750 1213 801 quoniam
1245 748 1369 787 audeo

253 804 444 856 quaedam,
458 803 576 841 fretus
588 804 712 841 vestra
721 803 917 855 sapientia,
932 804 1049 842 libere
1061 802 1247 851 confiteri)
1259 802 1367 840 nulla

250 857 420 897 luxuries
431 856 650 906 reperietur,
663 857 762 894 nulli
777 863 940 905 sumtus,
953 857 1108 895 nuHum
1122 870 1171 895 aes
1183 856 1367 903 alienum,

250 912 357 950 nulla
376 909 634 948 conviviorum
649 923 691 947 ac
705 910 911 948 lustrorum
930 910 1070 949 libido:
1093 910 1197 962 quod
1211 909 1368 961 quidem

255 965 392 1004 vitium
405 962 544 1001 ventris
563 970 599 1000 et
617 963 782 1012 gutturis
801 975 878 1001 non
896 964 1011 1002 modo
1028 976 1106 1002 non
1123 963 1265 1002 minuit
1284 969 1374 1001 aetas

253 1018 487 1063 hominibus,
514 1015 579 1054 sed
598 1016 712 1054 etiam
731 1023 855 1067 auget.
891 1017 1056 1056 Amores
1080 1024 1224 1066 autem,
1245 1023 1282 1055 et
1306 1016 1369 1054 hae

252 1072 396 1111 deliciae
415 1074 519 1122 (quae
537 1077 749 1118 vocantur),
770 1083 857 1121 quae
875 1070 1042 1109 firmiore
1055 1071 1183 1110 animo
1201 1069 1370 1123 praeditis

254 1126 397 1164 diutius
415 1125 584 1163 molestae
602 1136 679 1162 non
698 1125 819 1162 solent
834 1136 913 1163 esse
928 1127 1093 1168 (mature
1107 1125 1209 1163 enim
1224 1131 1262 1163 et
1275 1123 1372 1162 cele-

255 1181 345 1219 riter
363 1179 643 1226 deflorescunt),
663 1190 865 1230 nunquam
879 1179 983 1218 hunc
1001 1185 1228 1231 occupatum
1245 1178 1368 1230 impe-

254 1234 455 1284 ditumque
473 1239 688 1270 tenuerunt.

305 1286 497 1334 Audistis,
520 1299 608 1324 cum
626 1299 695 1336 pro
714 1299 753 1324 se
771 1286 932 1326 diceret:
962 1287 1122 1325 audistis
1141 1289 1265 1332 antea,
1278 1297 1367 1324 cum

253 1348 468 1380 accusaret:
496 1339 739 1383 (defendendi
753 1340 834 1379 haee
847 1340 974 1388 causa,
988 1353 1065 1379 non
1087 1339 1288 1391 gloriandi,
1312 1339 1369 1377 lo-

251 1407 370 1448 quor.
362 1401 391 1441 .)
412 1405 531 1444 genus
543 1393 734 1441 orationis,
750 1393 985 1441 facultatem,
1001 1395 1150 1445 copiam
1169 1393 1372 1431 sententia-

249 1461 336 1486 rum
357 1455 471 1498 atque
489 1448 705 1492 verborum,
727 1450 830 1498 (quae
844 1455 967 1485 vestra
979 1447 1181 1498 prudentia
1193 1454 1264 1494 est)
1283 1459 1369 1498 per-

249 1501 433 1553 spexistis.
468 1500 630 1550 Atque
620 1512 660 1537 111
686 1513 729 1538 eo
754 1513 830 1538 non
854 1501 978 1538 solum
1003 1500 1201 1551 ingenium
1220 1501 1366 1539 elucere

248 1557 331 1606 ejus
352 1554 559 1599 videbatis3
580 1553 683 1604 quod
702 1567 815 1605 saepe,
837 1554 983 1592 etiamsi
1001 1554 1188 1593 industria
1202 1566 1278 1592 non
1293 1554 1364 1592 ali-

247 1617 325 1657 tur,
345 1609 444 1647 valet
463 1615 591 1646 tamen
610 1606 737 1657 ipsum
756 1608 833 1645 suis
852 1608 1018 1646 viribus:
1049 1608 1114 1646 sed
1134 1608 1255 1646 inerat
1274 1607 1363 1651 (nisi

245 1675 309 1701 me
327 1668 481 1714 propter
499 1661 799 1699 benevolentiam
818 1661 914 1700 forte
924 1661 1098 1709 fallebat)
1117 1661 1226 1710 ratio,
1243 1668 1280 1700 et
1297 1663 1366 1701 bo-

248 1717 308 1754 nis
327 1716 470 1754 artibus
487 1715 673 1759 instituta,
694 1722 731 1752 et
751 1715 842 1754 cura
859 1722 896 1753 et
914 1715 1054 1766 vigiliis
1073 1716 1272 1753 elaborata.

300 1769 434 1821 Atque
452 1768 594 1815 scitote,
611 1768 771 1817 judices,
792 1781 853 1806 eas
872 1769 1109 1820 cupiditateS,
1123 1782 1210 1820 quae
1227 1769 1359 1819 objici-

247 1830 365 1862 untur
395 1822 527 1869 Coelio,
555 1828 669 1872 atque
692 1822 774 1861 haec
798 1823 936 1871 studia,
957 1823 1004 1862 de
1029 1823 1169 1874 quibus
1190 1822 1357 1874 disputo,

248 1889 323 1915 non
346 1875 455 1915 facile
477 1875 517 1913 in
540 1875 671 1913 eodem
696 1875 851 1914 homine
873 1889 951 1914 esse
975 1889 1094 1927 posse.
1131 1875 1234 1914 Fieri
1256 1876 1359 1914 enim

249 1943 326 1968 non
345 1936 480 1981 potest,
501 1935 544 1966 ut
566 1929 716 1966 animus
738 1929 888 1967 libidini
913 1930 1076 1977 deditus,
1091 1942 1238 1996 amore,
1263 1929 1362 1968 desi-

248 1984 366 2031 derio,
386 1982 604 2033 cupiditate,
621 1995 718 2033 saepe
728 1983 849 2021 nimia
863 1984 985 2034 copia,
997 1983 1128 2034 inopia
1138 1982 1253 2020 etiam
1267 1995 1363 2021 non-

250 2049 450 2088 nunquam
474 2036 692 2087 impeditus,
728 2036 812 2084 hoc,
842 2036 1031 2089 quidquid
1060 2043 1127 2085 est,
1155 2036 1258 2088 quod
1293 2049 1362 2075 nos

249 2090 410 2128 facimus
428 2090 468 2128 in
487 2089 658 2137 dicendo,
679 2101 755 2127 non
781 2091 895 2129 modo
917 2090 1077 2142 agendo,
1097 2102 1230 2129 verum
1248 2089 1362 2128 etiam

250 2143 462 2194 cogitando,
475 2143 591 2195 possit
606 2143 798 2182 sustinere.
829 2144 897 2182 An
914 2155 979 2184 vos
992 2144 1107 2182 aliam
1119 2155 1270 2182 causam
1284 2156 1363 2182 esse

249 2198 367 2235 ullam
402 2197 556 2248 putatis,
592 2210 670 2242 cur,
707 2197 744 2235 in
777 2198 889 2236 tantis
922 2197 1087 2250 praemiis
1124 2197 1360 2249 eloquentiae,
