1435 2328
191 89 265 127 124
511 90 625 130 PRO
650 90 823 131 DOMO
849 91 972 131 SUA.

184 195 378 256 adoptavit
405 195 584 236 Clodium
613 206 823 238 senatorem
850 211 968 238 annos
994 198 1130 250 viginti
1154 205 1291 244 natusg

185 249 254 300 qui
277 250 414 288 liberos
436 263 511 290 non
532 252 646 290 modo
671 265 863 314 procreare
887 259 1022 304 potest,
1043 265 1131 290 cum
1155 252 1293 290 habeat

183 315 358 351 uxorem,
373 304 436 342 sed
454 306 661 356 procreavit
679 307 804 344 etiam.
834 306 901 353 Et,
918 319 1006 344 cum
1021 306 1139 357 quaeri
1157 318 1180 343 a
1196 317 1293 356 pon-

182 356 331 395 tificum
350 358 505 409 collegio
520 360 649 406 soleat,
664 373 749 410 quae
768 373 878 398 causa
897 360 945 398 sit
963 359 1186 410 adoptioniS,
1206 371 1294 419 quae

183 409 279 448 ratio
308 424 490 461 generum
520 425 562 450 ac
591 413 797 464 dignitatis,
827 427 913 464 quae
945 426 1161 457 sacrorum;

183 463 322 501 horum
345 465 388 502 in
407 465 474 503 illa
497 466 697 517 adoptione
716 466 917 518 quaesitum
937 474 1001 504 est.
1039 466 1172 517 Atque
1194 465 1291 513 haec,

182 516 231 554 de
258 530 334 555 non
368 526 511 557 servato
539 520 749 570 adoptionis
779 521 878 580 jure,
910 524 1014 571 (quae
1039 519 1162 557 omnis
1186 517 1291 556 notio

182 571 406 621 pontificum
433 585 512 610 esse
531 573 677 620 debuit)
704 574 837 624 apud'
827 586 927 624 lpsos
945 573 1139 624 pontifices
1158 572 1291 609 dicun-

181 631 256 661 tur.
286 625 353 662 Ad
372 638 533 676 augures
552 634 694 674 autem,
715 627 781 677 qui
800 627 967 675 aderant,
987 627 1034 664 de
1052 626 1195 664 curiata
1208 626 1292 675 lege

179 677 363 728 disputat,
389 679 466 729 qua
492 680 649 717 Clodius
673 687 727 717 est
749 680 958 731 adoptatus.
990 680 1110 718 Nefas
1133 679 1292 730 (inquit)

182 739 250 778 est,
271 732 333 781 agi
352 745 439 769 611111
458 733 613 783 populo,
636 746 724 771 611111
743 733 790 771 (16
810 734 900 771 coelo
920 741 1110 771 servatur:
1142 740 1194 779 at,
1214 744 1291 783 quo

181 784 242 822 die
260 785 337 822 lata
355 785 417 822 lex
437 793 504 833 est,
520 786 686 824 Bibulus
698 787 827 824 consul
839 786 885 824 de
899 787 990 824 coelo
1009 786 1190 824 servavit:
1213 792 1294 823 rata

181 838 297 888 igitur
316 851 393 876 esse
412 851 487 875 non
506 847 628 890 potest
644 854 654 877 ι
686 840 787 890 quod
807 841 837 878 si
855 848 936 877 rata
954 852 1030 878 non
1050 847 1117 886 est,
1138 840 1206 890 qui
1224 851 1292 889 po-

180 891 254 929 ,tuit
274 891 445 939 Clodius,
463 900 591 930 contra
609 894 774 944 auspicia
793 894 1006 944 adoptatus,
1019 893 1193 930 tribunus
1211 892 1294 943 ple-

180 945 239 982 bis
253 947 357 983 esse?
371 945 545 993 Accedit,
556 946 603 983 ad
616 946 883 984 infirmandam
896 947 1077 984 curiatam
1085 947 1224 997 legem,
1236 946 1293 983 al-

180 1005 260 1036 tera
278 998 383 1036 ratio.
414 999 521 1046 Quid
533 1007 700 1037 servatur
713 1000 752 1038 in
767 1000 929 1038 ferendis
943 1001 1090 1050 legibus
1107 1003 1124 1038 [fl
1143 1000 1293 1037 trinun-

181 1051 343 1097 dinum;
373 1052 412 1089 id
427 1060 494 1101 est,
515 1060 558 1090 ut
576 1054 817 1104 promulgata
835 1054 898 1091 lex
915 1067 982 1104 per
994 1061 1066 1091 tres
1085 1052 1290 1101 nundinaS,

132 1131 135 1135 -
179 1112 387 1157 antequam
406 1106 628 1156 perferatur,
649 1108 791 1158 populo
809 1115 935 1158 pateat
947 1122 958 1144 ε
990 1107 1092 1158 (111οᾱ
1110 1106 1291 1158 spatium,

179 1165 332 1201 tantum
351 1161 468 1207 abest,
493 1168 536 1198 ut
555 1168 744 1198 servatum
770 1161 831 1208 sit,
858 1168 902 1198 ut
921 1174 1004 1198 eam
1022 1161 1145 1211 legem
1165 1160 1292 1198 Caesar

180 1213 325 1259 consul,
350 1212 414 1250 vix
439 1226 506 1263 per
530 1220 604 1251 tres
631 1214 741 1252 horas
766 1215 1062 1264 promulgatam,
1082 1213 1291 1264 pertulerit.

180 1266 312 1303 Tertia
325 1279 425 1316 pars,
436 1267 495 1304 vel
505 1267 536 1304 si
555 1268 729 1305 tribunus
741 1267 861 1318 plebis
874 1275 910 1305 et
921 1280 988 1317 per
999 1267 1165 1317 auspicia
1176 1273 1213 1304 ct
1222 1279 1291 1317 per

178 1319 279 1369 leges
299 1319 456 1357 Clodius
475 1333 552 1358 esse
570 1321 746 1371 potuerit,
761 1320 880 1372 (quod
901 1328 1107 1371 utrumque
1122 1322 1204 1370 jam
1222 1332 1290 1357 ne-

177 1380 311 1423 gatum
331 1380 400 1419 est)
421 1374 468 1410 ab
494 1386 537 1411 eo
556 1380 682 1411 tamen
704 1375 827 1424 legem
853 1374 1078 1411 nominatim
1101 1373 1148 1411 de
1167 1373 1290 1425 capite

175 1425 268 1464 civis
297 1426 506 1464 indemnati
531 1427 621 1465 ferri
645 1440 721 1465 non
746 1427 925 1478 potuisse,
952 1427 1210 1465 demonstratz
1246 1426 1287 1464 id

173 1479 279 1516 enim
297 1479 537 1530 privilegium
557 1488 636 1526 est3
662 1482 768 1532 quod
780 1488 931 1519 sacratae
948 1481 1048 1531 leges
1067 1488 1104 1518 et
1122 1480 1211 1518 XII
1230 1487 1287 1518 ta-

175 1533 277 1571 bulae
299 1541 438 1571 vetant.
473 1534 612 1584 Neque
631 1548 717 1573 vero
744 1534 815 1572 hoc
839 1542 990 1572 tantum
1015 1541 1143 1572 contra
1166 1534 1283 1584 leges,

175 1585 243 1624 sed
261 1586 357 1623 illud
377 1587 503 1634 etiam,
525 1588 628 1638 quod
646 1587 692 1625 de
711 1589 793 1637 ejus
808 1590 928 1639 capite
945 1587 1182 1638 fortunisque
1200 1600 1284 1625 om-

176 1639 304 1686 nibus,
326 1640 396 1691 qui
420 1653 542 1691 neque
570 1641 698 1679 adesse
716 1642 844 1690 jussus
870 1649 962 1688 erat,
986 1653 1109 1692 neque
1133 1640 1282 1689 citatus,

176 1705 300 1744 neque
319 1701 526 1741 accusatus,
539 1693 661 1744 legem
681 1695 788 1732 illam
803 1695 959 1733 Clodius
974 1694 1086 1731 tulit:
1116 1706 1205 1732 cum
1220 1695 1285 1744 ju-

174 1746 274 1785 dicia
292 1747 425 1798 populi
447 1747 499 1784 ita
523 1748 716 1786 moderata
744 1756 864 1786 essent
883 1761 905 1786 a
922 1748 1129 1797 majoribus
1148 1746 1287 1785 consti-

175 1807 272 1847 tuta,
293 1801 475 1851 primum,
496 1808 539 1838 ut
557 1813 605 1838 ne
623 1814 733 1851 poena
752 1801 884 1852 capitis
909 1814 997 1839 cum
1016 1800 1179 1852 pecuni‘a¹
1196 1812 1286 1839 con·

170 1854 395 1904 jungeretur
410 1869 419 1891 ε
451 1853 599 1900 deinde,
616 1867 678 1903 ne,
698 1854 770 1892 nisi
788 1855 957 1905 prodicta
975 1855 1049 1902 die,
1070 1854 1155 1905 quis
1173 1867 1285 1892 accu-

174 1915 341 1945 saretur:
373 1915 472 1954 tum,
498 1915 542 1944 ut
569 1914 655 1946 ante
682 1908 923 1958 magistratus
947 1915 1147 1954 accusaret,
1168 1907 1285 1945 inter-

173 1961 290 1998 missa
319 1961 392 2009 die,
420 1973 537 2011 quam
563 1962 727 1999 multam
754 1962 948 2022 irrogaret,
979 1969 1046 1999 aut
1070 1961 1281 2009 judicaret:

173 2022 377 2065 postremo,
401 2022 445 2052 ut
467 2022 560 2052 esset
582 2015 767 2052 accusatio
794 2016 937 2052 trinum
963 2014 1205 2060 nundinum3
1244 2013 1284 2052 id

173 2074 245 2114 est,
266 2069 313 2106 ab
333 2081 375 2106 eo
393 2067 467 2114 die,
487 2081 564 2118 quo
583 2068 667 2119 quis
686 2068 734 2106 ad
752 2069 939 2119 populum
959 2067 1123 2106 accusari
1142 2074 1285 2118 coeptus

173 2129 282 2168 esset,
303 2121 352 2159 ad
376 2121 478 2158 diem
496 2121 643 2170 judicii,
669 2122 777 2159 trinae
801 2122 982 2160 nundjnae
999 2120 1282 2167 intercederent,

172 2174 345 2225 prodicta
362 2175 437 2224 die,
457 2188 535 2227 qua
553 2175 614 2214 die
627 2175 816 2226 judicium
835 2183 930 2216 esset
950 2175 1151 2214 futurum.
1181 2185 1284 2213 eam-
