1455 2343
501 450 630 497 PRO
667 448 767 498 CN.
802 447 1100 497 PLANCIO.

308 569 340 606 I.
370 567 493 615 CUM,
526 575 678 619 propter
711 567 897 619 egregiam
928 575 965 605 et
1007 567 1236 618 singularem
1277 566 1351 605 Cn.

253 621 414 669 Plancii,
439 622 598 670 judices,
629 622 668 659 in
697 622 783 659 mea
808 622 929 659 salute
957 621 1200 659 custodienda
1221 620 1354 667 fidem,

252 684 331 713 tam
349 675 492 713 multos
511 682 547 713 et
569 677 688 713 bonos
715 675 812 713 viros
831 676 912 724 ejus
935 674 1069 712 honori
1093 674 1257 713 viderem
1275 687 1357 712 esse

252 729 418 767 fautores
434 742 445 775 ;
476 728 670 780 capiebam
689 729 816 766 animo
834 740 910 765 non
928 727 1155 766 mediocrem
1180 728 1353 778 volupta-

251 790 343 830 tem,
364 782 479 833 quod,
494 783 600 832 cujus
612 782 780 821 officium
797 782 893 820 mihi
911 781 1025 819 saluti
1041 781 1185 830 fuisset,
1198 781 1233 820 ei
1249 794 1354 819 meo-

249 849 336 874 rum
355 843 570 887 temporum
588 836 811 874 memoriam
822 835 1019 886 suffragari
1035 835 1220 874 videbam.
1251 833 1353 873 Cum

251 896 380 928 autern
389 890 572 938 audirem,
582 902 686 928 meos
698 889 837 941 partim
846 888 1032 936 inimicos,
1039 889 1179 940 partim
1191 888 1355 937 invidos,

249 942 339 981 huic
358 943 584 981 accusationi
608 956 687 982 esse
709 943 886 992 fautores,
913 942 1161 994 eamdemque
1185 955 1265 981 rem
1287 942 1356 980 ad-

251 997 454 1035 versariam
481 1010 558 1035 esse
585 997 625 1034 111
647 996 789 1046 judicio
815 997 886 1035 Cn.
907 997 1077 1044 Plancio,
1097 1009 1184 1048 quae
1200 996 1241 1033 in
1258 995 1355 1047 peti-

251 1050 352 1089 tione
363 1050 494 1089 fuisset
506 1050 673 1101 adjutrix
683 1064 695 1097 ;
708 1051 897 1099 dolebam,
902 1050 1060 1100 judices,
1073 1057 1110 1088 et
1119 1051 1249 1088 acerbe
1260 1049 1355 1088 fere-

252 1105 356 1152 bam,
378 1104 409 1142 si
426 1104 543 1154 hujus
553 1104 655 1143 salus
666 1106 715 1143 ob
734 1117 817 1142 eam
835 1103 958 1156 ipsam
971 1116 1123 1142 causam
1135 1113 1229 1142 esset
1240 1102 1355 1142 infes-

250 1157 336 1206 tior,
357 1158 459 1210 quod
473 1158 506 1196 is
521 1171 648 1197 meam
667 1158 828 1196 salutem
842 1166 956 1209 atque
969 1157 1087 1196 vitam
1105 1157 1177 1196 su'a
1193 1158 1356 1196 benevo-

249 1210 380 1261 lentia,
401 1211 588 1263 praesidio,
609 1211 866 1263 custodiaque,
885 1211 1049 1250 texisse&

305 1265 424 1304 Nunc
448 1272 576 1303 autem
599 1272 733 1313 vester,
753 1265 913 1314 judices,
938 1271 1169 1316 conspectus,
1200 1271 1238 1302 et
1264 1276 1353 1303 con-

251 1331 371 1357 sessus
389 1319 471 1366 iste,
492 1318 611 1357 reficit
629 1326 666 1357 et
682 1325 822 1357 recreat
838 1326 1006 1356 mentem
1024 1330 1165 1365 meam,
1187 1330 1276 1356 cum
1294 1317 1354 1356 in·-

252 1379 359 1410 tueor
378 1378 414 1410 et
432 1372 667 1423 contemplor
684 1384 1001 1423 unumquemque
1023 1373 1199 1410 vestrum.
1229 1371 1359 1410 Video

250 1425 352 1463 enim
370 1425 441 1464 hoc
463 1426 512 1466 in
532 1439 692 1464 numero
715 1425 922 1473 neminem,
943 1425 1004 1464 cui
1028 1438 1114 1463 mea
1139 1425 1241 1463 salus
1268 1437 1355 1463 cara

250 1491 326 1516 non
343 1477 458 1517 fuerit
473 1492 485 1524 3
516 1480 624 1528 cujus
642 1491 718 1517 non
741 1485 860 1522 exstet
873 1478 913 1516 in
930 1491 993 1517 me
1011 1491 1124 1517 suum
1146 1478 1325 1517 meritum
1338 1492 1354 1524 ς

250 1532 312 1570 cui
330 1545 406 1570 non
421 1533 493 1570 sim
512 1533 712 1571 obstrictus
729 1533 913 1571 memoria
922 1531 1093 1570 beneficii
1111 1532 1352 1583 sempiterna

250 1585 388 1637 Itaque
407 1597 483 1624 non
503 1586 719 1634 extimesco,
739 1598 788 1624 ne
807 1586 878 1624 Cn.
900 1585 1056 1624 Plancio
1074 1585 1242 1624 custodia
1259 1598 1355 1624 meae

248 1639 380 1677 salutis
399 1639 502 1690 apud
520 1652 581 1678 eos
593 1640 703 1686 obsit,
719 1639 786 1691 qui
799 1652 862 1678 me
873 1639 1000 1700 ipsum
1018 1639 1186 1678 maxime
1203 1639 1352 1679 salvum

249 1693 374 1732 videre
392 1693 616 1731 voluerunt:
646 1693 872 1745 saepiusque,
899 1692 1059 1742 judices,
1078 1692 1175 1731 mihi
1193 1692 1296 1731 venit
1311 1693 1353 1731 111

247 1755 431 1795 mentem,
461 1746 729 1784 admirandum
747 1760 839 1794 esse,
869 1746 931 1786 Μ.
951 1746 1210 1794 Laterensem,
1229 1740 1354 1784 homi-

248 1811 338 1838 nem
368 1800 685 1838 studiosissimum
716 1808 753 1839 et
781 1800 976 1851 dignitatis
1004 1808 1042 1838 et
1075 1799 1206 1839 salutis
1241 1811 1351 1848 meae,

247 1866 356 1892 reum
386 1854 457 1891 sibi
484 1854 588 1892 hunc
627 1853 868 1905 potissimum
904 1853 1097 1905 delegisse,
1128 1866 1245 1905 quam
1271 1865 1353 1892 me-

247 1907 449 1956 tuendum,
468 1920 517 1946 ne
545 1907 650 1946 vobis
669 1907 709 1945 id
737 1907 801 1946 ille
818 1907 961 1959 magna
981 1906 1125 1946 ratione
1141 1906 1272 1946 fecisse
1295 1907 1351 1946 vi-

244 1960 390 1999 deatur.

300 2014 553 2066 Quamquam
570 2014 667 2052 1111111
695 2027 772 2065 11011
791 2026 901 2054 sumo
919 2021 1083 2064 tantum,
1107 2013 1269 2065 judices,
1285 2026 1353 2054 ne-

244 2081 320 2119 que
338 2074 485 2118 arrogo,
505 2075 550 2106 ut
580 2067 652 2106 Cn.
673 2068 877 2108 Plancium
899 2069 977 2108 suis
1004 2082 1093 2120 erga
1118 2080 1183 2107 me
1206 2068 1352 2107 meritis

242 2121 512 2172 impunitatem
539 2129 829 2160 consecuturum
851 2130 996 2174 putem.
1026 2121 1115 2161 Nisi
1145 2122 1228 2172 ejus
1256 2120 1352 2160 inte-

239 2175 442 2225 gerrimam
481 2175 612 2223 vitam,
655 2176 950 2215 modestissimos
985 2188 1122 2224 mores,
1161 2187 1352 2215 summam
