1455 2343
142 87 222 125 394
279 85 356 125 DE
378 86 650 126 PROVINC.
671 85 909 126 CONSUL.
939 86 1046 124 CAP.
1071 86 1131 130 17.

140 194 216 231 rior
245 193 386 242 Gallia,
403 195 510 233 nobis
529 194 671 241 invitis,
698 195 812 234 alicui
836 195 1070 241 decernatur,
1090 199 1177 245 post
1196 205 1258 232 eos

141 248 312 285 consules
330 248 398 299 qui
412 260 513 286 nunc
533 257 643 286 erunt
655 249 864 300 designati3
885 254 1143 300 perpetuoque
1154 253 1258 298 post-

139 300 225 348 hac,
242 302 319 339 ab
309 302 355 339 1is
371 302 438 352 qui
457 303 559 340 hunc
577 303 748 340 ordinem
768 311 1005 354 oppugnent,
1025 300 1200 352 populari
1215 312 1260 338 00

140 355 362 392 turbulenta
379 356 522 394 ratione
548 363 731 394 teneatur.
767 357 898 403 Quam
918 369 987 406 ego
1012 356 1168 415 plagam
1188 353 1258 392 etsi

140 419 217 445 non
236 416 450 468 contemno,
471 417 596 460 patres
616 410 828 460 conscripti,
855 409 1063 460 praesertim
1089 407 1256 446 monitus

140 474 164 498 a
183 462 458 513 sapientissimo
474 464 639 509 consule,
661 471 697 500 et
708 463 997 513 diligentissimo
1017 461 1170 499 custode
1189 474 1257 511 pa-

138 514 192 553 cis
211 522 248 553 et
275 516 357 562 otii,
378 524 506 554 tamen
526 516 785 554 vehementius
813 516 973 554 arbitror
991 515 1258 565 pertimescen-

139 568 249 616 dum,
270 569 301 607 si
319 569 521 607 hominum
533 570 827 608 clarissimorum
846 582 888 608 ac
906 567 1259 620 potentissimorum

138 630 207 660 aut
224 623 408 660 honorem
425 623 613 671 minuero,
644 630 711 661 aut
737 623 907 661 studium
933 635 1021 672 erga
1037 621 1140 659 hunc
1158 620 1260 659 ordi-

138 687 230 714 nem
241 676 453 727 repudiato.
483 677 604 723 Nam,
618 684 662 714 ut
677 677 722 714 C.
738 677 885 724 Julius,
898 676 1076 714 omnibus
1088 688 1112 712 a
1125 681 1258 712 senatu

140 729 290 768 eximiis
305 743 348 768 ac
367 730 474 768 novis
493 732 605 768 rebus
623 738 793 778 ornatus,
814 743 881 781 per
898 742 1036 767 manus
1054 729 1153 766 hanc
1170 740 1260 779 pro·

139 783 305 821 vinciam
331 783 456 822 tradat
475 784 508 822 ei
526 784 588 822 cui
605 784 764 821 minime
783 797 848 822 vos
869 783 1015 826 velitis;
1046 795 1113 833 per
1141 794 1257 833 quem

137 837 340 875 ordinem
329 850 412 888 lpse
426 838 702 888 amplissimam
722 838 770 875 sit
787 838 947 888 gloriam
967 842 1203 882 consecutus,
1224 834 1259 873 ei

140 902 189 928 ne
207 891 421 928 libertatem
440 891 597 942 quidem
615 892 819 943 relinquat,
842 890 979 928 adduci
997 889 1046 927 ad
1065 888 1259 940 suspican-

139 943 234 981 dum
261 945 368 982 nullo
397 945 512 983 modo
540 958 708 996 possum.
750 946 960 992 Postremo,
991 957 1068 994 quo
1097 942 1260 994 quisque
1310 956 1316 961 ·

139 998 269 1035 animo
288 998 441 1036 futurus
460 999 521 1046 sit,
543 999 690 1037 nescio:
713 999 807 1049 quid
822 1011 983 1049 sperem,
1004 997 1124 1034 video.
1155 996 1260 1034 1³1·ae-

141 1057 238 1088 stare
261 1051 332 1089 hoc
365 1060 512 1090 senator
538 1052 669 1099 debeo,
698 1060 886 1103 quantum
917 1063 1087 1102 possum,
1109 1062 1156 1088 ne
1175 1049 1261 1100 quis

140 1104 199 1142 vir
226 1105 349 1143 clarus
374 1112 441 1143 aut
470 1113 602 1156 potens
631 1106 721 1144 huic
750 1105 872 1143 ordini
898 1106 983 1153 jure
1012 1103 1122 1142 irasci
1152 1114 1262 1154 posse

141 1158 325 1197 videatur.
354 1159 489 1210 Atque
510 1159 595 1207 hoc,
618 1159 647 1197 si
666 1159 948 1197 inimicissimus
967 1170 1086 1196 essem
1108 1157 1153 1195 C.
1175 1156 1262 1194 Cae-

142 1212 229 1259 sari,
247 1213 424 1250 sentirem
444 1220 572 1251 tamen
591 1213 808 1264 reipublicae
826 1226 953 1250 causa.

194 1265 337 1303 XVII.
368 1266 442 1305 Sed
461 1279 538 1304 non
553 1267 721 1304 alienum
744 1279 822 1304 esse
840 1265 1000 1303 arbitror
1018 1265 1113 1315 (quo
1131 1263 1260 1301 minus

141 1331 241 1378 saepe
255 1326 322 1356 aut
339 1319 556 1370 interpeller
575 1334 598 1358 a
616 1320 824 1367 1101111111115,
837 1326 904 1356 aut
917 1319 1117 1356 tacitorum
1129 1316 1258 1355 existi-

141 1372 310 1410 matione
333 1373 602 1423 reprehendar)
629 1374 816 1423 explicare
847 1372 1024 1418 breviter,
1049 1384 1136 1421 quae
1160 1369 1258 1407 mihi

141 1426 190 1463 sit
204 1426 299 1463 ratio
318 1432 355 1463 et
369 1439 480 1464 001150
494 1435 583 1464 011111
603 1426 761 1464 Caesare.
790 1426 852 1464 Ac
863 1425 1032 1476 primum
1045 1423 1143 1460 illud
1161 1429 1260 1461 tem-

140 1492 214 1530 pus
245 1479 511 1517 familiaritatis
541 1486 578 1518 et
607 1479 899 1527 consuetudinis,
931 1491 1017 1530 quae
1045 1475 1142 1514 mihi
1169 1488 1260 1514 cum

138 1533 221 1581 illo,
235 1545 321 1583 quae
339 1532 447 1570 fratri
464 1545 564 1580 meo,
582 1546 668 1584 quae
687 1533 731 1571 C.
746 1533 785 1570 V
786 1532 924 1579 arroni,
938 1530 1159 1569 consobrino
1173 1541 1261 1567 nos-

140 1593 212 1634 tro,
243 1588 291 1624 ab
321 1586 495 1624 omnium
524 1589 694 1624 nostrum
723 1585 974 1624 adolescentia
1000 1584 1087 1630 fuit,
1108 1590 1262 1634 praeter-

140 1639 265 1677 mitto.
295 1640 550 1691 Posteaquam
569 1653 655 1678 sum
674 1640 826 1690 penitus
844 1640 886 1676 in
904 1637 1180 1689 rempublicam
1199 1637 1261 1674 in-

140 1706 305 1754 gressus,
334 1693 389 1731 ita
410 1693 566 1731 dissensi
585 1695 632 1731 ab
651 1694 730 1740 illo,
751 1702 809 1739 ut,
838 1693 878 1730 in
905 1691 1156 1741 disjunctione
1174 1702 1259 1728 sen-

140 1747 282 1795 tentiae,
304 1748 496 1796 conjuncti
513 1754 641 1785 tamen
655 1747 822 1785 amicitia
833 1758 1085 1784 maneremus.
1115 1744 1260 1782 Consul

141 1800 206 1838 ille
225 1801 302 1851 egit
320 1813 382 1838 eas
401 1813 473 1849 res,
497 1813 662 1851 quarum
686 1814 749 1838 me
767 1799 990 1851 participem
1015 1811 1093 1836 esse
1111 1797 1257 1835 voluit.

141 1854 282 1904 quibus
309 1867 378 1905 ego
401 1854 432 1892 si
461 1854 589 1892 minus
618 1854 859 1899 assentiebar,
881 1861 1010 1891 tamen
1036 1851 1140 1889 illius
1158 1850 1256 1888 mihi

138 1886 353 1957 judicium⁰
346 1914 498 1958 gratum
517 1920 595 1946 0550
613 1908 783 1945 debeoat.
814 1907 885 1944 Me
903 1907 982 1952 ille,
1002 1911 1046 1943 ut
1069 1904 1258 1956 quinque-

138 1961 305 1998 viratum
331 1961 598 2012 acciperem,r
580 1961 750 2011 rogavit:
783 1973 846 1998 me
872 1960 913 1997 in
932 1960 1053 1997 tribus
1078 1957 1150 1995 sibi
1169 1969 1258 1995 con-

136 2014 386 2063 junctissimis
413 2015 671 2053 consularibus
700 2027 778 2052 esse
807 2013 953 2058 voluit;
982 2011 1079 2050 mihi
1097 2010 1256 2061 legatio-

138 2080 242 2114 nem,
259 2080 376 2118 quam
389 2069 539 2116 vellem,
553 2075 695 2129 quanto
713 2081 802 2106 cum
820 2067 962 2105 honore
980 2065 1131 2112 vellem,
1147 2064 1261 2102 detu-

138 2121 197 2158 lit.
225 2121 326 2168 Quae
343 2134 413 2172 ego
432 2122 574 2170 omnia,
590 2134 667 2159 non
684 2121 832 2172 ingrato
851 2120 993 2167 animo,
1009 2118 1074 2157 sed
1088 2117 1258 2156 obstina-

139 2174 238 2215 tione
253 2174 420 2226 quadam
439 2175 646 2225 sententiae,
660 2173 882 2227 repudiavi·
910 2185 1030 2225 quam
1048 2171 1252 2224 sapienter,
