1425 2334
387 63 504 104 PRO
532 63 769 104 FLACCO.
798 63 903 104 CAP.
923 65 988 103 36.
1186 70 1240 107 35

132 180 209 209 non
232 177 415 222 oportere,
441 183 642 222 nunquam
666 170 851 218 ostendes,
878 171 951 210 nisi
974 171 1143 212 docueris
1165 186 1243 214 non

133 222 255 262 licere.
283 225 352 263 An
370 225 574 276 legationes
593 237 740 263 sumere
758 224 907 270 liberas,
928 225 1103 276 exigendi
1117 230 1244 277 causa,

134 276 231 314 sicut
252 286 290 316 et
317 286 357 316 tu
385 278 465 330 ipse
487 291 622 329 nuper,
650 286 686 316 et
704 278 818 315 multi
837 278 906 316 viri
925 279 1014 316 boni
1034 292 1131 331 saepe
1150 281 1246 320 fece-

134 337 238 378 runt,
259 339 405 370 rectum
425 339 479 370 est
504 329 636 382 (quod
650 344 718 391 ego
741 344 816 369 non
843 332 1099 392 reprehendo,
1130 335 1247 374 socios

134 383 243 422 video
262 385 415 436 queri);
440 394 653 436 praetorem,
674 385 705 422 si
722 384 1008 423 haereditatem
998 398 1037 422 m
1056 387 1250 437 provincia

134 448 212 474 non
237 439 443 489 reliquerit,
478 451 554 476 non
583 438 706 476 solum
730 438 1094 489 reprehendendum,
1116 453 1247 479 verum

133 490 247 528 etiam
267 491 612 538 condemnandum,
632 494 774 542 putas?
805 491 913 540 Doti,
933 491 1071 542 inquit,
1092 493 1247 533 Valeria

132 545 334 595 pecuniam
353 558 505 583 omnem
525 558 634 582 suam
653 545 811 582 dixerat.

187 598 366 636 XXXV.
397 598 509 636 Nihil
531 598 691 636 istorum
722 597 901 649 explicari
926 605 1061 649 potest,
1086 599 1159 638 nisi
1185 614 1245 639 os-

134 651 312 699 tenderis,
338 652 481 689 illam
470 665 511 689 ln
536 650 654 689 tutela
680 651 806 689 Flacci
830 664 907 690 non
934 652 1060 690 fuisse.
1097 653 1138 691 Si
1157 653 1246 701 fuit,

134 717 401 756 quaecumque,
426 705 505 743 sine
532 705 605 743 hoc
633 712 797 751 auctore,
824 712 878 742 est
907 705 1006 743 dicta
1033 706 1113 754 dos,
1140 708 1248 746 nulla

135 764 201 796 est.
232 758 307 796 Sed
326 767 453 796 tamen
466 759 698 805 Lurconem,
718 771 969 809 quamquam,
990 772 1058 809 pro
1078 772 1147 797 sua
1161 760 1246 812 di„-

134 810 266 859 nitate,
286 811 502 849 moderatus
521 819 576 849 est
599 811 639 848 in
664 811 878 849 testimonio
897 811 1055 850 dicendo
1074 813 1247 863 religioni

135 877 226 911 suae,
247 872 376 902 tamen
393 865 534 902 iratum
553 865 688 902 flacco
707 877 785 902 esse
803 864 974 902 vidistis.
1003 877 1127 916 neque
1146 867 1250 905 enim

133 918 336 956 occultavit
361 930 514 956 causam
536 917 740 955 iracundiae
766 931 857 965 suae,
877 930 1001 968 neque
1018 919 1248 959 reticendam

133 971 294 1022 putavit.
324 971 493 1018 Questus
505 978 573 1018 est,
587 971 764 1008 libertum
782 983 910 1019 suum,
926 971 1062 1009 Flacco
1073 981 1246 1022 praetore,

135 1037 215 1063 esse
233 1024 471 1062 damnatum.
502 1024 540 1062 Ο
560 1024 790 1062 conditiones
808 1024 962 1062 miseras
981 1025 1248 1064 administran-

134 1077 272 1115 darum
290 1077 593 1128 provinciarum!
624 1077 665 1114 in
683 1078 822 1128 quibus
845 1077 1041 1127 diligentia
1062 1079 1176 1129 plena
1198 1080 1249 1117 si.

134 1131 343 1169 multatum
358 1138 432 1176 est3
449 1131 691 1181 negligentia,
705 1130 1045 1181 vituperationum:
1067 1132 1135 1170 ubi
1147 1145 1249 1171 seve-

135 1184 225 1222 ritas
243 1184 453 1235 periculosa
466 1191 545 1230 est;
565 1184 784 1232 liberalitas,
804 1184 952 1234 ingrata
969 1198 979 1221 :
1001 1197 1137 1233 sermo,
1157 1185 1249 1223 insi-

135 1237 286 1283 diosus3
309 1237 522 1286 assentatio,
542 1237 749 1288 perniciosa
765 1250 776 1274 ε
805 1237 909 1275 frons
927 1237 1116 1287 omnium,
1136 1238 1250 1276 fami-

133 1291 259 1336 liaris:
280 1291 490 1329 multorum
503 1291 666 1338 animus,
681 1290 818 1328 iratus:
839 1290 1056 1339 iracundiae,
1070 1292 1247 1338 occultae:

135 1344 344 1392 blanditiae,
353 1351 490 1396 apertae
500 1359 510 1382 :
528 1344 718 1382 venientes
728 1351 905 1395 praetores
916 1351 1147 1395 exspectant,
1155 1358 1252 1396 prae-

136 1398 305 1436 sentibus
329 1397 553 1445 inserviunt,
573 1399 755 1436 abeuntes
780 1397 969 1435 deserunt.
1004 1398 1080 1436 Sed
1097 1399 1251 1437 omitta-

134 1463 222 1489 mus
240 1452 424 1503 querelas,
437 1464 486 1490 ne
497 1458 668 1489 nostrum
686 1451 886 1489 consilium
903 1451 944 1488 in
961 1451 1252 1502 praetermitten-

136 1504 196 1543 dis
214 1504 414 1556 provinciis
431 1505 587 1542 laudare
605 1504 814 1542 videamur.

190 1558 340 1596 Literas
357 1558 462 1596 misit
475 1558 522 1596 de
533 1558 658 1596 villico
670 1558 716 1596 P.
733 1557 922 1608 Septimii,
935 1558 1100 1596 hominis
1111 1559 1248 1606 ornati,

134 1611 206 1664 qui
217 1611 364 1650 villicus
377 1611 518 1650 caedem
532 1612 693 1650 fecerat:
725 1611 954 1662 Septimium
969 1612 1164 1649 ardentem
1178 1612 1254 1650 ira-

138 1665 279 1704 cundia
296 1665 421 1704 videre
443 1665 629 1716 potuistis.
668 1665 721 1703 In‘
743 1664 930 1702 Lurconis
947 1665 1126 1702 libertum
1146 1665 1251 1714 judi-

137 1719 241 1757 cium
260 1732 308 1757 ex
326 1719 446 1757 edicto
465 1718 592 1756 dedit:
617 1719 734 1756 hostis
746 1726 801 1756 est
816 1718 954 1756 Lurco.
985 1718 1092 1765 Quid
1105 1718 1251 1769 igitur?

138 1771 342 1810 hominurn
359 1772 611 1823 gratiosorum
633 1771 993 1823 splendidorumque
1014 1772 1158 1809 libertis
1177 1771 1252 1810 fuit

139 1824 238 1864 Asia
256 1825 464 1864 tradenda?
492 1826 560 1863 An
580 1826 803 1872 simultates,
827 1825 951 1863 nescio
969 1838 1078 1876 quas,
1099 1837 1187 1862 curn
1205 1825 1254 1862 li.

137 1879 254 1917 benis
270 1880 401 1918 vestris
425 1879 584 1918 Flaccus
609 1881 786 1917 exercet?
825 1879 894 1916 An
912 1878 1032 1925 vobis,
1059 1878 1100 1914 in
1118 1878 1251 1917 vestris

142 1939 428 1988 vestrorumque
446 1945 580 1981 caus1S,
597 1932 770 1971 severitas
781 1931 868 1970 odio
882 1939 958 1977 est3
979 1931 1152 1970 eamdem
1171 1931 1256 1969 lau-

140 1984 253 2033 datis,
273 1998 363 2024 cum
380 1980 428 2024 de
445 1986 583 2036 nobis]
575 1985 770 2024 'udicatis.
761 1987 778 2013 ⁹

193 2039 396 2078 XXXVI.
424 2040 483 2077 At
499 2040 569 2077 iste
569 2000 734 2086 JAndro,
755 2038 936 2090 spoliatus
953 2037 1062 2077 bonis
1081 2039 1142 2080 (ut
1160 2036 1252 2074 dici-

141 2091 221 2140 tis),
241 2092 290 2130 ad
313 2092 516 2131 dicendum
541 2093 801 2131 testimonium
825 2104 903 2130 non
926 2091 1039 2129 venit.
1078 2089 1199 2137 Quid,
1220 2090 1251 2128 si

141 2146 295 2184 veniat?
318 2145 528 2186 Β661310111ε
539 2146 677 2186 arbiter
689 2145 734 2184 C
743 2145 917 2185 Caecilius
929 2144 1022 2183 fuit·
1011 2172 1023 2191 ,
1040 2155 1116 2195 quo
1128 2143 1252 2194 splen-
