1455 2343
224 97 301 135 240
458 95 572 135 PRO
602 96 868 135 PLANCIO.
899 97 1003 135 CAP.
1024 97 1089 135 24.

226 211 263 243 te
280 216 392 256 opesx
421 204 497 243 late
507 211 610 255 patet
624 204 768 255 gratia:
797 204 911 242 multi
925 203 1051 252 amici,
1070 204 1184 242 multi
1202 204 1329 256 cupidi

226 258 297 305 tui,
317 258 430 296 multi
449 258 612 296 fautores
630 259 753 296 laudis
772 266 870 296 tuaez
899 258 1013 296 multi
1025 258 1115 296 huic
1133 258 1326 297 invident:

228 312 358 349 multis
391 312 504 350 etiam
536 320 656 363 pater,
689 312 855 363 optimus
874 312 944 359 vir,
978 312 1142 349 nimium
1169 312 1332 350 retinens

225 365 408 416 equestris
424 366 519 415 juris
538 373 574 403 et
590 366 772 403 libertatis
786 365 955 403 videtur:
977 365 1091 403 multi
1104 365 1218 403 etiam
1230 378 1333 404 com-

226 431 362 457 munes
382 419 525 457 inimici
543 432 693 457 reorum
712 420 910 464 omnium,
900 432 909 442 ·
940 420 1007 470 qui
1025 419 1077 456 ita
1096 431 1242 470 semper
1260 426 1334 457 tes-

228 473 432 511 timonium
451 472 497 511 de
512 473 657 510 ambitu
677 472 821 520 dicunt,
841 472 949 524 quasi
967 480 1034 510 aut
1057 479 1234 510 moveant
1252 473 1334 510 ani-

227 538 310 564 mos
325 525 498 587 judicum
519 527 594 564 suis
608 526 843 572 testimoniis,
856 534 922 563 aut
933 533 1085 576 gratum
1096 527 1238 577 populo
1254 527 1335 564 Ro-

227 592 341 618 mano
359 581 419 627 sit,
436 587 502 617 aut
520 582 567 617 ab
587 593 630 618 eo
647 579 807 626 facilius,
823 581 870 617 ob
889 592 973 618 eam
993 592 1158 628 causam,
1171 579 1336 630 dignita·

227 641 318 680 tem,
340 647 456 684 quam
475 634 622 681 volunt,
643 640 930 683 consequantur.

282 687 522 735 Quibuscum
534 699 611 734 me,
617 686 775 736 judices,
784 693 1019 737 pugnantem
1030 698 1115 724 meo
1126 699 1230 724 more
1240 687 1336 738 pris-

229 740 310 779 tino
334 753 410 778 non
429 740 627 785 videbitis;
657 752 733 777 non
756 753 833 790 quo
855 740 951 777 mihi
969 739 1025 777 fas
1049 739 1098 777 sit
1124 740 1336 792 quidquam

229 794 419 845 defugere,
440 794 543 845 quod
561 794 661 832 salus
685 793 831 831 Plancii
855 793 1044 844 postulet3
1074 793 1139 831 sed
1163 795 1254 845 quia
1271 804 1337 832 nea

229 861 304 899 que
322 861 467 886 11888888
486 855 554 896 881,
569 860 632 885 1118
648 847 688 884 1(1
707 847 879 899 persequi
892 860 993 894 voce,
1014 847 1117 898 quod
1136 860 1195 885 vos
1212 855 1340 886 mente

229 902 411 947 videati83
433 909 469 939 et
483 901 586 953 quod
603 901 655 939 ita
674 901 720 939 de
739 914 801 938 me
820 900 945 938 meriti
962 908 1052 938 sunt
1067 901 1125 938 illi
1143 901 1230 952 ipsi,
1243 914 1338 952 quos

232 968 302 1006 ego
329 963 440 993 testes
459 955 567 993 video
595 962 758 1006 paratos,
787 962 831 992 ut
857 967 988 992 eorum
1010 955 1339 1005 reprehensionem

230 1022 295 1047 vos
314 1016 447 1047 vestrae
472 1009 683 1060 prudentiae
711 1021 914 1057 assumere,
940 1020 1035 1045 meae
1062 1008 1255 1046 modestiae
1280 1022 1339 1046 re-

229 1063 393 1111 mittere,
423 1062 598 1101 debeatis.
638 1062 743 1100 Illud
773 1075 896 1100 unum
921 1074 986 1100 vos
1016 1074 1245 1113 magnopere
1273 1075 1339 1101 oro

230 1124 347 1168 atque
374 1118 539 1165 obsecro,
565 1116 723 1166 judices,
753 1129 842 1154 cum
868 1116 1000 1165 hujus,
1020 1128 1136 1167 quem
1163 1115 1337 1162 defendo,

230 1177 317 1208 tum
336 1171 548 1208 communis
566 1171 723 1221 periculi
743 1183 869 1217 causa,
889 1182 937 1207 ne
954 1168 1050 1207 fictis
1069 1169 1338 1218 auditionibus,

231 1236 280 1262 ne
307 1223 549 1262 disseminato
574 1224 716 1275 dispers
701 1237 815 1274 soque
839 1222 1015 1271 sermoni,
1035 1223 1205 1261 fortunas
1231 1223 1341 1262 inno-

233 1278 399 1315 centium
420 1278 668 1326 subjiciendas
684 1277 836 1328 putetis.

288 1331 410 1369 Multi
428 1331 539 1369 amici
557 1332 793 1379 accusatoris,
821 1330 997 1369 nonnulli
1015 1330 1129 1368 etiam
1146 1330 1264 1369 nostri
1282 1331 1342 1369 in·-

236 1384 332 1435 iqui,
352 1385 466 1422 multi
494 1398 712 1422 communes
731 1387 1007 1433 obtrectatores,
1034 1391 1148 1435 atque
1170 1385 1344 1423 omnium

236 1438 368 1486 invidi,
384 1439 507 1475 multa
521 1439 724 1476 finxerunt.
754 1437 866 1475 Nihil
877 1445 931 1476 est
945 1445 1072 1476 autem
1087 1446 1167 1475 tam
1179 1439 1342 1487 volucre,

239 1505 356 1543 quam
371 1492 640 1530 maledictum.
668 1491 763 1529 nihil
781 1491 928 1530 facflius
946 1491 1154 1537 emittitur;
1179 1492 1276 1530 nihil
1294 1493 1346 1531 ci-

240 1546 314 1583 tius
334 1545 538 1596 excipitur3
568 1546 664 1583 nihil
681 1546 794 1583 latius
812 1545 1026 1597 dissipatur.
1056 1545 1195 1596 Neque
1213 1558 1294 1597 ego,
1315 1546 1348 1585 si

240 1598 385 1637 fontem
402 1599 592 1637 maledicti
609 1599 811 1650 reperietis,
832 1606 876 1637 ut
894 1606 961 1637 aut
978 1599 1177 1650 negligatis
1190 1607 1257 1637 aut
1274 1599 1349 1638 dis-

242 1652 439 1700 simuletis,
459 1665 631 1713 unquam
645 1653 865 1713 postulabo:
897 1653 975 1700 sed,
989 1653 1020 1690 si
1033 1652 1127 1704 quid
1138 1652 1218 1691 sine
1230 1654 1349 1704 capite

245 1706 436 1752 manabit;
465 1714 530 1744 aut
560 1707 591 1744 si
619 1706 712 1758 quid
741 1706 810 1744 erit
835 1706 1034 1756 ejusmodi,
1058 1713 1102 1744 ut
1125 1718 1202 1744 non
1228 1714 1346 1746 exstet

245 1767 388 1807 auctor,
408 1767 488 1807 aut,
509 1761 576 1812 qui
594 1760 767 1807 audierit,
787 1760 840 1798 ita
858 1760 1052 1811 negligens
1070 1759 1174 1798 vobis
1193 1773 1270 1798 esse
1291 1762 1347 1799 vi-

244 1813 407 1861 debitur,
427 1820 484 1859 ut,
505 1815 607 1852 unde
625 1814 796 1862 audierit,
810 1814 950 1852 oblitus
968 1814 1016 1852 sit
1031 1827 1043 1859 ς
1073 1820 1140 1852 3111
1156 1813 1210 1852 ita
1226 1813 1348 1853 levem

245 1866 399 1905 habebit
417 1875 621 1915 auctorem,
642 1875 685 1905 ut
703 1868 888 1906 memoria
905 1868 1067 1918 dignum
1083 1879 1160 1905 non
1177 1867 1345 1918 putarit3

245 1920 361 1969 hujus
386 1920 452 1958 illa
470 1933 543 1959 vox
562 1922 742 1972 vulgaris,
771 1924 799 1943 “
818 1921 1008 1971 Audivi‚”
1034 1933 1083 1960 ne
1101 1921 1195 1973 quid
1211 1934 1274 1960 reo
1290 1921 1349 1960 in-

245 1974 394 2012 nocenti
412 1983 555 2021 noceat,
576 1988 738 2013 oramus.

302 2027 462 2067 XXIV.
492 2028 567 2067 Sed
599 2029 706 2067 venio
727 2030 807 2079 jam
828 2029 876 2068 ad
905 2029 953 2068 L.
975 2008 1163 2076 Cassium,
1187 2028 1350 2068 familia-

246 2094 327 2119 rem
343 2095 490 2129 meum,
516 2083 624 2132 cujus
642 2096 689 2121 ex
711 2084 876 2122 oratione
900 2096 948 2121 ne
971 2084 1084 2121 illum
1102 2082 1256 2135 quidem
1273 2083 1352 2121 Ju-

245 2135 415 2173 ventium
434 2143 559 2175 tecum
577 2137 812 2188 expostulavi
829 2152 838 2175 :
869 2151 984 2189 quem
1002 2138 1082 2184 ille,
1101 2136 1206 2176 omni
1223 2143 1260 2175 et
1276 2136 1350 2176 vir-

244 2194 324 2227 tute
352 2197 387 2228 et
418 2190 652 2230 humanitate
675 2198 828 2230 ornatus
857 2191 1083 2243 adolescens,
1109 2191 1276 2242 primum
1301 2190 1348 2229 de
