1455 2343
208 55 290 93 332
466 59 531 98 IN
562 60 882 103 VATINIUM.
914 66 1018 105 CAr‘.
1049 68 1087 106 6.

212 163 275 200 Ac
289 163 358 202 tibi
371 165 455 214 jam
473 167 563 207 inde
580 171 794 221 praescribo,
820 185 868 211 ne
893 180 977 212 tuas
995 174 1121 214 sordes
1142 188 1230 214 cum
1250 178 1326 216 cla-

212 216 450 257 rissimorum
469 221 637 262 virorum
663 227 861 276 splendore
886 229 1120 279 permisceas.
1161 229 1248 281 Ego
1273 240 1325 280 te,

211 282 463 324 quaecumque
486 279 639 327 rogabo,
659 279 706 317 de
725 287 762 317 te
779 280 860 331 ipso
879 284 1019 332 rogabo
1035 297 1047 328 ς
1078 295 1201 335 neque
1220 291 1256 323 te
1275 298 1322 324 ex

209 325 435 374 amplissimi
452 329 522 367 viri
537 331 734 382 dignitate,
755 335 819 372 sed
838 348 884 372 ex
903 336 978 373 tuis
998 338 1172 385 tenebris,
1198 346 1322 376 extra-

210 376 328 416 ham:
358 382 561 434 omniaque
589 398 676 424 mea
705 388 780 425 teia
799 388 908 427 sicin
927 397 964 427 te
991 390 1249 440 conjicientur,
1278 399 1323 431 ut

207 442 321 469 nemo
339 446 406 483 per
425 441 533 474 tuum
554 438 655 477 latus
684 441 803 491 (quod
829 443 924 480 soles
948 443 1086 492 dicere)
1107 445 1320 485 saucieturz

205 483 245 521 in
267 486 342 524 tuis
360 489 607 537 pulmonibus
626 506 668 531 ac
688 494 891 534 visceribus
909 496 1119 536 haerebunt.

261 538 335 577 VI.
365 541 432 589 Et,
468 546 650 594 quoniam
676 548 850 586 omnium
881 562 1010 587 rerum
1039 563 1268 601 magnarum
1298 567 1322 594 a

205 590 291 630 Diis
310 593 590 636 immortalibus
615 601 801 652 principia
825 602 1031 651 ducuntur,
1059 606 1144 643 volo
1163 614 1207 644 ut
1224 606 1322 644 mihi

203 648 442 697 respondeas,
469 658 526 699 tu,
554 654 622 703 qui
641 662 676 691 te
697 655 995 706 Pythagoricum
1013 658 1109 696 soles
1128 659 1263 707 dicere,
1284 667 1321 699 et

202 698 367 739 hominis
395 702 601 743 doctissimi
631 720 770 746 nomen
802 710 878 748 tuis
910 711 1144 750 immanibus
1171 720 1208 751 et
1234 715 1321 751 bar-

201 753 301 791 baris
332 757 500 795 moribus
532 762 763 810 praetendere
780 777 791 808 ;
830 777 917 814 quae
949 772 986 802 te
1018 772 1125 803 tanta
1154 767 1319 817 pravitas

202 807 340 845 mentis
359 812 535 860 tenuerit,
557 814 623 864 qui
644 822 771 853 tantus
790 816 909 865 furor,
939 825 997 865 ut,
1029 832 1118 857 cum
1146 820 1319 860 inaudita

200 872 243 897 ac
271 861 414 900 nefaria
439 878 542 904 sacra
567 869 786 920 susceperis,
818 883 907 908 cum
936 871 1146 910 inferorum
1167 874 1316 914 animas

201 913 345 962 elicere,
367 929 454 955 cum
481 933 687 970 puerorum
718 923 814 961 extis
844 924 948 963 Deos
980 925 1120 964 Manes
1149 935 1316 967 mactare

199 968 316 1006 soleas
331 983 342 1014 3
374 973 554 1022 auspicia,
569 976 708 1026 quibus
722 977 803 1015 haec
815 980 905 1016 urbs
917 979 1067 1017 condita
1082 987 1151 1029 est,
1172 981 1312 1032 quibus

197 1023 322 1060 omnis
341 1027 553 1076 respublica
581 1037 696 1080 atque
725 1030 931 1081 imperium
956 1040 1119 1079 tenetur,
1147 1042 1315 1075 contem-

196 1075 317 1112 seris?
346 1077 531 1131 initioque
562 1083 777 1122 tribunatus
802 1085 859 1122 tui
887 1087 1034 1124 senatui
1063 1087 1310 1136 denuntiaris,

196 1128 271 1166 tuis
290 1131 499 1172 actionibus
519 1149 709 1186 augurum
729 1152 907 1189 responsa
925 1147 1039 1191 atque
1064 1142 1146 1191 ejus
1164 1143 1313 1194 collegii

194 1186 450 1234 arrogantiam
469 1188 744 1240 impedimento
763 1205 840 1230 non
860 1193 1031 1231 futuram
1050 1197 1066 1233 Ρ

249 1237 469 1278 Secundum
489 1255 532 1280 ea
550 1257 692 1294 quaero,
708 1247 914 1285 servarisne
933 1248 972 1284 in
988 1261 1031 1286 eo
1043 1248 1158 1286 fidem
1173 1251 1190 1288 ἓ
1210 1262 1306 1288 num

193 1291 347 1339 quando
360 1294 429 1331 tibi
447 1308 594 1334 moram
607 1300 789 1346 attulerit,
807 1301 1013 1350 quominus
1026 1302 1227 1340 concilium
1241 1303 1308 1341 ad-

192 1355 354 1393 vocares,
375 1347 576 1400 legemque
594 1352 722 1398 ferres,
744 1354 847 1403 quod
866 1368 909 1394 eo
929 1355 989 1393 die
1013 1356 1123 1393 scires
1148 1355 1196 1394 de
1214 1357 1307 1395 coelo

190 1409 268 1434 esse
283 1407 472 1438 servatum
485 1405 501 1440 Ρ
531 1403 598 1450 Et,
613 1407 794 1453 quoniam
807 1407 868 1445 hic
879 1409 984 1446 locus
995 1422 1095 1446 unus
1107 1416 1176 1457 est,
1189 1423 1306 1461 quem

189 1450 259 1487 tibi
278 1464 367 1489 cum
387 1454 536 1494 Caesare
555 1453 798 1497 communem
815 1474 894 1499 esse
913 1461 1027 1510 dicas,
1050 1464 1248 1514 sejungam
1267 1471 1305 1502 te

189 1505 236 1541 ab
267 1504 347 1545 ino,
375 1519 451 1545 non
482 1511 605 1548 solum
631 1513 848 1563 reipublicae
871 1515 998 1563 causa,
1025 1529 1158 1554 verum
1187 1517 1303 1556 etiam

189 1556 362 1603 Caesaris,
377 1573 424 1598 ne
440 1577 516 1613 qua
528 1577 573 1602 ex
591 1567 657 1603 tua
670 1568 821 1605 summa
840 1569 1064 1619 indignitate
1081 1570 1185 1609 labes
1197 1570 1301 1610 iuius

187 1610 363 1661 dignitati
382 1615 558 1667 adspersa
576 1619 758 1657 videatur.
789 1622 966 1660 Primum
986 1637 1130 1674 quaero,
1149 1637 1244 1662 num
1259 1632 1302 1664 tu

186 1666 332 1702 senatui
358 1680 510 1708 causam
536 1679 643 1710 tuam
670 1674 878 1724 permittas,
904 1677 1008 1727 quod
1032 1677 1122 1715 facit
1141 1678 1300 1717 Caesar?

187 1717 336 1766 deinde,
358 1735 444 1772 quae
463 1724 510 1761 sit
529 1728 728 1765 auctoritas
755 1730 850 1778 ejus,
872 1730 939 1781 qui
959 1743 996 1768 se
1015 1731 1168 1769 alterius
1185 1731 1299 1781 facto,

185 1783 262 1809 non
275 1785 357 1821 SUO,
373 1775 576 1817 defendat?
606 1780 756 1820 Deinde
769 1786 960 1835 (erumpet
974 1784 1076 1822 enim
1092 1784 1299 1836 aliquando

185 1837 232 1862 ex
251 1837 313 1864 me
342 1841 428 1867 vera
448 1844 547 1877 vox;
578 1842 614 1871 et
639 1835 776 1884 dicam,
809 1837 888 1875 sine
915 1838 1168 1885 cunctatione,
1194 1838 1298 1890 quod

184 1879 321 1927 sentio)
335 1881 365 1918 si
380 1884 460 1931 jam
481 1887 678 1925 violentior
692 1890 821 1941 aliqua
834 1891 874 1928 in
894 1904 934 1929 re
949 1892 994 1930 C.
1010 1891 1137 1930 Caesar
1147 1892 1295 1940 fuisset,

183 1932 214 1970 si
233 1945 322 1971 eum
343 1938 567 1988 magnitudo
583 1943 843 1991 contentionis,
859 1945 1030 1983 studium
1041 1945 1185 1996 gloriae,
1198 1959 1296 1997 prae-

181 1993 283 2024 stans
302 1989 467 2040 animus,
489 1995 674 2033 excellens
692 1997 884 2046 nobiJitas,
911 1998 1040 2050 aliquo
1058 1998 1293 2050 impulisset;

183 2040 287 2091 quod
305 2041 344 2080 in
364 2044 430 2083 illo
448 2047 529 2086 viro
548 2057 584 2087 et
602 2056 687 2087 tum
706 2050 907 2090 ferendum
924 2059 1032 2100 esset,
1060 2059 1097 2090 et
1115 2052 1295 2093 maximis

179 2095 305 2143 rebuS,
337 2110 432 2148 quas
459 2109 589 2152 postea
605 2103 733 2154 gessit,
757 2105 1052 2156 obliterandum,
1073 2105 1112 2144 id
1138 2113 1181 2146 tu
1207 2106 1292 2155 tibi,
