1425 2334
395 491 618 532 ORATIO
648 489 805 531 XXXI.

301 721 428 768 PRO
462 720 563 768 CN.
597 721 898 769 PLANCIO.

538 859 661 886 4⁷

391 964 825 1004 ARGUMENTUM.

69 1069 177 1108 CUM
198 1069 411 1108 aedilitatem
430 1070 545 1107 simul
563 1070 742 1120 petissent
761 1069 832 1108 Cn.
849 1069 1025 1108 Plancius
1044 1077 1080 1107 et
1098 1068 1161 1106 M.

74 1123 102 1161 J
106 1123 217 1161 unius
236 1123 460 1170 Laterensis,
479 1132 624 1161 creatus
653 1123 770 1160 aedilis
788 1130 842 1160 est
867 1122 1058 1169 Plancius,
1087 1122 1164 1160 La-

67 1176 222 1214 terensis
253 1176 472 1227 praeteritus.
502 1175 593 1222 Qua
621 1175 684 1213 ille
715 1175 922 1226 ignominia
953 1182 1163 1214 commotus

71 1229 270 1267 Plancium
291 1242 338 1266 ex
366 1229 448 1279 lege
470 1228 618 1267 Licinia
642 1228 688 1266 de
710 1228 902 1277 sodalitiis,
921 1228 960 1266 h.
980 1242 1011 1266 e.
1038 1228 1165 1266 coitio-

69 1282 180 1320 nibus
199 1281 247 1320 ad
266 1281 537 1332 corrumpenda
557 1281 689 1332 populi
713 1281 892 1332 suffragia
917 1281 1036 1329 factis,
1058 1284 1162 1324 (nam

71 1348 235 1386 quorum
254 1334 368 1386 opera
385 1336 505 1373 tribus
523 1336 870 1385 corrumpebantur,
894 1334 1036 1372 sodales
1055 1341 1091 1372 et
1109 1347 1165 1372 se-

69 1395 234 1439 questres
253 1388 483 1436 dicebantur,
508 1400 543 1425 v.
567 1400 635 1438 pro
659 1388 790 1435 Coelio,
818 1400 848 1425 c.
880 1389 936 1435 7.)
964 1387 1163 1434 accusavit,

69 1441 171 1492 quod
189 1440 284 1478 inter
302 1441 464 1479 ambitus
481 1441 638 1478 crimina
651 1440 914 1491 gravissimum
932 1447 997 1479 est.
1027 1441 1076 1478 In
1093 1440 1166 1477 hoc

70 1493 236 1545 periculo
253 1494 421 1544 confugit
440 1493 617 1532 Plancius
629 1494 677 1531 ad
696 1493 928 1541 Ciceronem,
944 1506 1059 1545 quem
1073 1492 1166 1530 olim

70 1547 239 1585 exsulem
257 1554 419 1598 quaestor
437 1546 672 1585 Macedoniae
696 1546 914 1597 complexus
932 1554 1023 1593 erat,
1044 1546 1167 1583 omni-

71 1601 218 1651 busque
245 1599 367 1638 modis
395 1599 549 1647 foverat,
579 1607 623 1637 ut
645 1600 717 1637 hoc
738 1606 887 1637 tantum
916 1599 1127 1651 periculum
1145 1611 1170 1636 a

74 1665 112 1690 se
129 1652 340 1703 depelleret.
369 1653 505 1704 Itaque
523 1652 652 1691 Cicero
671 1665 758 1690 eum
781 1653 852 1690 hac
877 1652 1042 1691 oratione
1061 1665 1169 1690 accu-

74 1712 152 1743 rate
181 1705 360 1752 defendit,
386 1705 434 1743 ad
452 1705 687 1756 quaesitorem
714 1706 758 1744 C.
779 1705 943 1752 Alfium,
970 1718 1085 1757 quem
1110 1718 1171 1743 ac-

76 1764 236 1803 cusator,
255 1770 323 1808 pro
341 1758 516 1797 facultate
527 1771 643 1810 quam
661 1758 724 1797 lex
744 1758 890 1796 Licinia
903 1758 1030 1806 dabat,
1047 1758 1175 1796 edide-

76 1819 135 1849 rat
166 1812 244 1848 unfi
276 1823 362 1848 cum
390 1811 579 1860 judicibus
607 1811 760 1863 reliquis
775 1826 786 1856 ;
816 1812 883 1862 qui
913 1811 1001 1849 inde
1027 1811 1173 1861 judices

79 1863 217 1902 editicii
236 1864 484 1914 appellantur.
514 1864 653 1902 Primis
671 1872 708 1902 et
732 1865 875 1902 ultimis
894 1864 1176 1916 quatuordecim

80 1916 266 1968 capitibus
285 1916 482 1954 diluuntur
500 1930 556 1963 ea,
577 1930 662 1968 quae
680 1930 767 1956 cum
782 1917 821 1955 in
841 1917 1057 1955 Ciceronem
1074 1923 1179 1954 erant

82 1970 195 2017 dicta,
216 1977 300 2007 tum
328 1970 368 2007 in
397 1970 476 2007 tota
494 1969 570 2008 vita
593 1970 739 2009 Plancii
756 1971 978 2022 reprehensa
996 1972 1043 2007 ab
1072 1970 1180 2007 accu'-

85 2029 204 2061 satore
216 2029 332 2060 erant.
353 2023 518 2074 Reliqua
528 2030 654 2062 autem
666 2024 797 2071 oratio,
810 2036 841 2062 c.
861 2023 1029 2071 15-27,
1042 2022 1081 2060 in
1100 2022 1183 2073 ipso

86 2075 332 2114 accusationis
350 2075 470 2127 capite
488 2076 685 2115 refutando
703 2083 881 2116 versatur.

142 2233 294 2281 (Orat.)
316 2243 418 2272 vor„
441 2244 512 2271 111.
892 2243 921 2268 υ
