1425 2334
400 86 514 126 PRO
542 87 739 125 SULLA.
769 85 876 125 CAP.
910 87 968 123 15.
1185 89 1236 125 59

136 206 214 232 esse
236 193 386 240 diceret,
417 206 494 245 quo
516 193 677 238 facilius,
701 201 812 232 vento
837 194 964 243 aliquo
986 193 1025 230 in
1047 192 1236 244 optimum

135 259 327 298 quemque
346 247 519 294 excitato,
535 247 709 298 possetin
728 247 839 284 malis
857 246 1073 297 reipublicae
1084 254 1237 306 portum

132 313 288 338 suorum
317 301 505 338 malorum
531 301 698 351 aliquem
729 300 907 338 invenire.
939 300 1089 350 Itaque,
1120 300 1237 336 intro-

132 353 282 392 ductis
273 366 312 391 in
331 362 503 391 senatum
531 353 730 401 indicibus,
751 354 926 391 constitui
945 360 1144 400 senatores,
1169 352 1237 403 qui

131 407 261 444 onmia
278 406 447 444 indicum
466 407 579 454 dicta,
600 407 840 457 interrogata,
870 419 1060 457 responsa,
1080 406 1236 457 perscri-

130 461 273 497 berent.
301 461 359 498 At
388 472 483 510 quos
514 460 633 498 viros.
625 462 641 488 ν’
670 473 746 497 non
776 461 898 497 solum
925 472 1076 497 summa
1099 459 1236 497 virtute

129 520 166 550 et
195 513 269 551 fide
301 514 427 562 (cujus
451 513 596 564 generis
618 513 657 550 in
684 521 814 551 senatu
843 514 1003 551 facultas
1026 513 1229 558 maxima),

129 566 193 604 scd
208 566 336 613 etiam,
350 579 444 618 quos
460 567 621 605 sciebam
636 567 833 613 memorie,
848 566 1015 613 scientia,
1037 575 1236 604 consuetu-

127 619 215 657 dine
230 627 267 657 et
285 620 471 658 celeritate
489 620 687 667 scribendi,
702 620 895 667 facillime,
912 633 997 671 quae
1008 620 1234 667 dicerentur,

127 673 302 723 persequi
325 686 459 724 posse3
491 673 535 711 C.
560 674 804 720 Cosconium,
831 674 898 724 qui
928 682 1019 711 tunc
1043 681 1120 710 erat
1139 686 1235 723 prae-

128 734 211 771 tor-3
243 727 304 764 Μ.
325 727 548 771 Messalam,
569 728 636 777 qui
655 734 735 764 tum
757 734 959 778 praeturam
980 728 1154 777 petebat3
1187 727 1233 764 P.

128 780 347 830 Nigidium,
375 780 481 830 App.
512 780 731 818 Claudium.
762 780 884 818 Credo
917 793 994 817 esse
1024 779 1232 828 neminem,

127 835 194 883 qui
223 834 282 871 his
313 833 546 880 hominibus,
573 833 621 870 ad
647 846 731 871 vere
756 833 1009 880 referendum,
1033 842 1100 870 aut
1117 833 1234 871 fidem

126 894 234 937 putet
252 894 319 924 aut
336 887 532 936 ingenium
551 886 724 924 defuisse.

179 940 271 978 XV.
302 940 409 987 Quid
427 940 592 977 deinde?
622 940 716 990 quid
744 940 847 978 feci?
879 940 980 977 Cum
1012 940 1158 987 scirem,
1179 939 1233 977 ita

127 993 309 1031 indicium
329 993 368 1030 in
388 994 536 1030 tabulas
554 994 723 1043 publicas
742 994 918 1040 relatum,
938 1000 982 1030 ut
999 993 1075 1030 illae
1094 994 1234 1031 tabulae

127 1047 274 1096 privatin.
292 1054 419 1084 tamen
445 1046 626 1093 custodia,
646 1059 750 1083 more
774 1048 978 1095 majorum,
1000 1046 1233 1084 contineren-

128 1110 215 1144 tur-3
246 1112 322 1137 non
340 1100 538 1145 occultavi,
558 1112 633 1137 non
647 1100 815 1137 continui
834 1100 961 1144 domi3
993 1100 1056 1137 sed
1075 1100 1234 1137 describi

125 1154 173 1190 ab
192 1153 368 1190 omnibus
387 1153 513 1190 statim
532 1152 708 1199 librariis,
728 1153 802 1190 div
796 1153 848 1189 di
866 1166 949 1203 pass
952 1153 1005 1189 im
1026 1160 1062 1190 et
1080 1154 1233 1203 pervul-

123 1205 219 1256 gari,
250 1215 364 1257 atque
393 1206 453 1243 edi
481 1207 623 1266 populo
657 1206 809 1244 Roma1
813 1219 848 1252 o,
881 1206 1076 1256 imperavi.
1106 1206 1234 1244 Divisi

124 1259 193 1298 toti
212 1259 360 1305 Italiae3
389 1259 496 1297 emisi
510 1259 549 1296 in
569 1272 700 1297 omnes
719 1260 954 1310 provincias:
986 1260 1067 1308 eJus
1085 1259 1229 1308 indicii,

120 1325 143 1350 e
161 1325 237 1363 quo
256 1314 356 1351 salus
373 1314 500 1351 oblata
525 1320 619 1351 esset
636 1314 827 1360 omnibus,
848 1319 1042 1364 expertem
1068 1326 1145 1351 esse
1163 1326 1231 1351 ne-

120 1366 263 1404 minem
280 1367 393 1404 volui.

175 1419 313 1470 Itaque
330 1420 428 1468 dico,
447 1420 575 1458 locum
593 1419 633 1458 in
652 1421 742 1458 orbe
759 1426 944 1457 terrarum
965 1432 1043 1458 esse
1061 1420 1229 1468 nullum,

123 1485 200 1524 quo
218 1472 256 1509 in
276 1473 357 1511 loco
384 1474 518 1524 populi
545 1474 713 1511 Romani
738 1486 877 1511 nornen
897 1474 957 1521 sit,
985 1473 1079 1524 quin
1098 1473 1229 1511 eodem

123 1526 374 1576 perscriptum
402 1527 475 1564 hoc
505 1527 689 1565 indicium
719 1527 941 1578 pervenerit.
971 1526 1019 1563 In
1053 1539 1129 1577 quo
1161 1540 1230 1577 ego

122 1587 202 1616 tam
222 1580 360 1628 subito,
380 1587 418 1618 et
436 1580 573 1630 exiguo
591 1588 628 1618 et
650 1580 801 1618 turbido
820 1587 1002 1631 ternpore,
1021 1580 1146 1618 multa
1173 1581 1232 1618 di-

121 1632 276 1680 vinitus,
296 1633 350 1671 ita
371 1641 415 1671 ut
436 1633 531 1681 dixi,
558 1646 634 1672 non
659 1633 747 1671 me&
776 1641 923 1685 sponte,
950 1633 1122 1684 providi:
1152 1634 1230 1684 pri-

122 1697 246 1731 mum,
267 1698 316 1724 ne
341 1687 408 1738 qui
431 1694 556 1737 posset
581 1694 747 1735 tantum,
771 1694 838 1724 aut
856 1687 903 1725 de
928 1686 1144 1737 reipublicae
1163 1694 1230 1725 aut

115 1738 168 1776 de
198 1739 358 1788 alicujus
386 1740 567 1790 periculo,
600 1740 831 1788 meminisse,
863 1747 1053 1791 quantum
1084 1739 1226 1778 vellet:

117 1791 267 1839 deinde,
280 1805 328 1830 ne
341 1793 403 1831 cui
413 1793 540 1832 liceret
553 1806 724 1845 unquam
738 1793 1007 1844 reprehendere
1019 1792 1116 1830 illud
1130 1792 1229 1831 indi-

115 1845 235 1893 cium,
256 1853 323 1883 aut
340 1853 480 1884 temere
499 1847 683 1884 creditum
702 1847 918 1884 criminari:
947 1853 1153 1897 postremO,
1180 1859 1228 1885 ne

115 1897 214 1950 quid
229 1899 311 1948 jam
329 1913 353 1937 a
369 1912 446 1947 me,
461 1912 509 1938 ne
529 1900 623 1951 quid
641 1913 689 1938 ex
703 1900 797 1938 meis
811 1899 1102 1946 commentariis,
1123 1913 1227 1950 quae-

117 1958 260 1990 reretur
276 1966 286 1989 :
316 1964 364 1990 ne
382 1959 449 1990 aut
466 1953 604 1991 oblivio
618 1966 717 2001 mea,
737 1961 804 1991 aut
821 1952 1019 1999 memoria,
1039 1952 1228 1991 videretur

117 2004 259 2042 nimia:
290 2017 338 2043 ne
366 2005 529 2057 denique
553 2015 620 2045 aut
643 2007 873 2058 negligentia
891 2006 1026 2057 turpis,
1046 2012 1113 2043 aut
1142 2006 1228 2044 dili-

113 2058 243 2109 gentia
259 2058 433 2108 crudelis,
448 2066 656 2111 putaretur.

169 2111 243 2150 Sed
272 2118 398 2150 tamen
429 2114 499 2152 abs
524 2120 574 2162 te,
605 2113 815 2165 Torquate,
847 2125 991 2165 quaero,
1017 2124 1106 2149 cum
1125 2111 1224 2149 indi-

107 2172 218 2204 catus
237 2171 326 2204 tuus
349 2166 528 2206 inimicus
554 2173 665 2215 esset,
685 2174 722 2205 et
753 2174 846 2205 essct
866 2168 948 2215 ejus
966 2164 1019 2203 rei
1047 2163 1222 2216 frequens
