1435 2328
408 187 457 224 In
478 186 550 225 hoc
569 185 765 225 volumine
783 187 1023 226 continentur

150 296 369 344 Orationes,

203 350 283 389 Pro
300 350 351 388 L.
371 349 509 388 Flacco
527 376 1059 391 ..............................
1073 362 1170 401 pag.
1240 354 1257 389 1

204 404 283 443 Pro
305 404 352 442 P.
381 403 492 443 Sulla
509 430 1165 445 ....................................
1208 407 1262 444 43

201 458 280 496 Pro
290 456 450 506 Archia,
467 457 589 497 Ροὲῐῖι
592 485 1168 499 ................................
1210 460 1234 498 7
1239 462 1262 498 8

203 512 297 550 Post
315 511 516 561 Reditum,
535 512 577 550 in
595 513 738 551 Senatu
744 541 1167 553 ........................
1210 516 1259 552 91

534 565 584 604 ad
602 565 773 613 Quirites
795 594 1166 607 ....................
1187 569 1265 606 110

204 619 283 658 Pro
294 618 425 659 Domo
443 619 513 659 su'zi
528 648 1168 662 ....................................
1189 625 1264 660 123

202 673 267 712 De
285 674 550 725 Haruspicum
568 673 775 725 Responsis
796 702 1166 716 .....................
1187 678 1266 715 184

203 728 281 766 Pro
302 728 460 766 Plancio
477 756 1167 770 ......................................
1184 730 1265 769 217

208 780 287 819 Pro
306 782 437 820 Sextio
440 808 825 821 ......................
833 810 837 814 -
849 809 1166 824 ..................
1184 784 1265 823 260

204 832 255 872 In
276 834 481 874 Vatinium
485 862 1078 876 ................................
1184 841 1266 877 326

204 888 282 927 Pro
295 888 414 927 Coelio
421 916 1167 932 ..........................................
1185 895 1268 932 344

201 941 267 982 De
282 942 493 983 Provinciis
512 943 788 984 Consularibus
795 972 1126 986 ...................
1135 974 1163 986 ...
1183 947 1263 989 377

698 1231 721 1252 ⁴3

670 1260 694 1282 ἕ
724 1261 747 1282 ⁴*

155 1351 264 1400 Quae,
283 1351 327 1389 in
345 1348 480 1389 nostra
498 1350 678 1399 editione,
697 1352 851 1390 uncinis
881 1350 1005 1401 [hunc
1030 1351 1071 1390 in
1098 1354 1265 1406 morem]

152 1426 302 1464 inclusa
320 1425 523 1474 leguntur,
544 1436 588 1462 ea
606 1425 668 1462 vel
684 1425 804 1475 plane
829 1425 1050 1464 adulterina
1073 1429 1143 1464 aut
1170 1427 1270 1464 insi·

151 1500 246 1538 licia
266 1503 358 1537 sunt
371 1520 425 1527 —-
436 1499 510 1546 vel,
524 1501 688 1549 propter
706 1499 915 1549 scriptum
933 1500 1177 1549 varietatem,
1189 1512 1269 1551 pro

151 1572 311 1611 incertis
322 1571 492 1610 habenda
500 1572 629 1621 —vel‚
643 1572 730 1610 licet
745 1571 1053 1625 reipsdsortasse
1059 1585 1265 1625 germana,

156 1648 388 1688 criticorum.
407 1651 534 1688 tamen
554 1647 785 1688 dissensione
803 1649 846 1688 in
865 1649 1026 1690 dubium
1044 1652 1189 1690 vocata.
