1435 2328
496 413 627 460 Psso
662 414 715 462 P.
753 386 985 463 SULLA.

233 541 267 581 Ι.
299 543 347 581 M
351 555 506 582 Axrxr:
521 545 672 593 vellem,
690 545 851 595 judices,
872 554 916 584 ut
935 546 980 583 P.
1001 545 1110 584 Sulla
1129 551 1166 583 et
1185 551 1294 583 antea

175 594 370 647 dignitatis
385 612 462 636 suae
477 599 714 649 splendorem
730 601 912 647 obtinere,
927 607 978 645 et,
995 607 1080 650 post
1098 599 1292 637 calamita-

176 657 255 688 tem
273 659 478 703 acceptam,
503 653 698 690 modestiae
724 653 893 691 fructum
919 652 1086 704 aliquem
1109 653 1294 704 potuisset

175 705 377 754 percipere.
414 705 502 751 Sed,
523 707 705 757 quoniam
730 705 783 744 ita
810 705 899 744 tulit
924 719 1030 744 casus
1051 706 1224 752 infestus,
1249 712 1294 743 ut

176 758 412 808 amplissimo
427 760 582 807 honore,
596 773 683 797 cum
696 760 891 798 communi
903 759 1120 798 ambitionis
1138 758 1294 804 invidia,

177 817 261 848 tum
283 811 466 862 singulari
491 813 675 851 Autronii
699 813 799 859 odio,
825 820 1078 857 evertereturg
1108 819 1146 851 et
1169 813 1210 850 in
1235 813 1295 850 his

173 865 342 914 pristinae
365 866 526 903 fortunae
546 866 728 918 reliquiis,
755 867 902 905 miseris
927 874 963 905 et
981 866 1144 912 afflictis,
1164 874 1294 904 tamen

174 917 329 956 haberet
347 919 547 970 quosdam,
575 934 740 972 quorum
759 920 906 958 animos
929 933 976 958 ne
1001 920 1186 971 supplicio
1204 920 1292 971 qui-

175 970 263 1009 dem
283 985 352 1010 suo
366 973 501 1011 satiare
514 981 639 1024 posset
653 988 664 1019 3
694 987 930 1026 quamquam
946 987 993 1012 ex
1011 974 1128 1024 hujus
1145 973 1291 1011 incom-

178 1025 303 1063 modis
337 1039 520 1076 magnam
553 1028 681 1066 animo
703 1027 918 1066 molestiam
944 1027 1064 1078 capio,
1097 1035 1225 1065 tamen
1254 1027 1295 1065 in

173 1079 316 1117 caeteris
338 1081 449 1118 malis
475 1080 583 1119 facile
605 1082 729 1132 patior
750 1083 922 1120 oblatum
947 1081 1044 1119 mihi
1063 1089 1228 1132 tempus,
1252 1081 1294 1119 in

178 1145 255 1183 quo
273 1133 365 1171 boni
383 1134 454 1171 viri
467 1134 663 1173 lenitatem
675 1148 802 1173 meam
816 1134 1200 1186 misericordiamque,
1224 1146 1294 1172 no-

175 1194 256 1224 tam
288 1187 465 1225 omnibus
495 1188 704 1239 quondam,
736 1201 852 1234 nunc,
887 1188 995 1239 quasi
1022 1188 1291 1234 intermissam,

175 1248 420 1290 agnoscerent
433 1255 444 1285 ς
474 1240 639 1292 improbi
657 1256 700 1280 ac
714 1242 852 1292 perditi
865 1242 975 1289 cives,
992 1242 1167 1280 redomiti
1179 1248 1293 1292 atque

176 1293 278 1341 victi,
298 1294 556 1345 praecipitante
574 1296 783 1346 republica,
801 1296 1062 1334 vehementem
1080 1308 1144 1333 me
1161 1295 1292 1341 fuisse,

175 1353 290 1397 atque
318 1348 481 1393 fortem;
522 1350 753 1398 conservata,
783 1350 918 1387 mitem
940 1363 984 1388 ac
1011 1349 1293 1387 misericordem

175 1399 395 1438 faterentur.

228 1453 296 1501 Et,
317 1455 498 1505 quoniam
512 1456 559 1493 L.
573 1456 811 1508 Torquatus,
829 1470 939 1495 meus
956 1457 1154 1495 familiaris
1171 1469 1215 1495 ac
1227 1468 1293 1494 ne-

176 1509 368 1555 cessarius,
386 1509 545 1558 judices,
574 1511 818 1557 existimavit,
846 1512 877 1549 si
894 1518 1063 1549 nostram
1081 1511 1122 1548 in
1141 1523 1292 1549 accusa-

177 1561 277 1599 tione
307 1563 377 1600 sua
407 1563 665 1601 necessitatem
698 1564 1073 1616 familiaritatemque
1100 1564 1290 1611 violasset,

175 1614 321 1666 aliquid
340 1629 379 1654 se
397 1616 444 1654 de
464 1617 683 1656 auctoritate
701 1631 797 1656 meae
812 1618 1039 1657 defensionis
1049 1631 1160 1670 posse
1169 1617 1293 1656 detra-

173 1668 288 1714 here3
319 1682 408 1707 cum
429 1670 546 1719 hujus
574 1672 732 1722 periculi
756 1673 1038 1723 propulsatione
1061 1673 1295 1722 conjungam

176 1720 432 1761 defensionem
447 1724 559 1762 officii
572 1725 660 1763 mei.
691 1726 782 1773 Quo
796 1726 952 1777 quidem
967 1738 1102 1776 genere
1113 1737 1191 1763 non
1208 1732 1293 1763 ute-'

174 1788 234 1813 rer
253 1776 444 1824 orationis,
461 1777 619 1826 judices,
640 1778 711 1817 hoc
730 1787 912 1830 tempore,
933 1780 965 1817 si
983 1780 1071 1818 mea
1089 1779 1214 1817 solum
1232 1778 1292 1815 in-

176 1835 337 1868 teresset.
376 1830 516 1868 Multis
536 1831 638 1869 enim
657 1833 753 1870 mihi
771 1833 861 1870 locis
881 1841 917 1871 et
935 1832 1024 1870 data
1041 1833 1200 1870 facultas
1219 1839 1288 1878 est,

176 1889 214 1921 et
231 1896 329 1934 saepe
347 1883 513 1932 dabitur,
541 1884 587 1921 de
605 1886 692 1923 mea
709 1886 823 1924 laude
842 1886 1001 1924 dicendi.
1038 1886 1128 1934 Sed,
1147 1893 1191 1923 ut
1209 1885 1288 1932 ille,

171 1935 332 1986 judices,
345 1945 533 1988 quantum
552 1938 598 1975 de
617 1939 703 1976 mea
723 1940 942 1977 auctoritate
953 1939 1189 1990 deripuisset,
1203 1945 1288 1976 tan-

175 1996 261 2027 tum
279 2003 317 2028 se
335 1990 382 2028 de
400 1991 515 2040 hujus
533 1992 714 2042 praesidiis
727 1992 1015 2030 deminuturum
1033 1992 1206 2044 putavit;
1237 1991 1289 2030 sic

175 2042 248 2081 hoc
266 2056 335 2094 ego
354 2044 486 2092 sentio,
509 2045 540 2082 si
559 2045 635 2082 mei
657 2045 747 2083 facti
764 2046 948 2084 rationem
968 2047 1088 2094 vobis,
1114 2052 1286 2084 constan-

174 2096 344 2148 tiamque
362 2098 479 2147 hujus
497 2098 608 2136 officii
627 2112 670 2136 ac
689 2099 928 2146 defensionis,
948 2101 1169 2150 probavere,
1196 2111 1286 2137 cau-

177 2162 257 2187 sam
277 2164 430 2202 quoque
448 2164 510 2189 me
531 2152 576 2189 P.
597 2153 715 2191 Sullae
733 2155 993 2203 probaturum.
