<?xml version="1.0" encoding="UTF-8"?>
<!DOCTYPE html PUBLIC "-//W3C//DTD XHTML 1.0 Transitional//EN"
    "http://www.w3.org/TR/xhtml1/DTD/xhtml1-transitional.dtd">
<html xmlns="http://www.w3.org/1999/xhtml" xml:lang="en" lang="en">
 <head>
  <title>
</title>
<meta http-equiv="Content-Type" content="text/html;charset=utf-8" />
  <meta name='ocr-system' content='tesseract 3.04.00' />
  <meta name='ocr-capabilities' content='ocr_page ocr_carea ocr_par ocr_line ocrx_word'/>
</head>
<body>
  <div class='ocr_page' id='page_1' title='image "./operaern07ciceuoft_0229.png"; bbox 0 0 1425 2334; ppageno 0'>
   <div class='ocr_carea' id='block_1_1' title="bbox 202 82 1197 126">
    <p class='ocr_par' dir='ltr' id='par_1_1' title="bbox 202 82 1197 126">
     <span class='ocr_line' id='line_1_1' title="bbox 202 82 1197 126; baseline -0.003 0"><span class='ocrx_word' id='word_1_1' title='bbox 202 87 280 126; x_wconf 82' lang='lat' dir='ltr'><strong>DE</strong></span> <span class='ocrx_word' id='word_1_2' title='bbox 301 85 542 126; x_wconf 86' lang='lat' dir='ltr'>HARUSP.</span> <span class='ocrx_word' id='word_1_3' title='bbox 561 82 830 124; x_wconf 87' lang='lat' dir='ltr'>RESPONS.</span> <span class='ocrx_word' id='word_1_4' title='bbox 849 82 954 122; x_wconf 75' lang='lat' dir='ltr'>CAP.</span> <span class='ocrx_word' id='word_1_5' title='bbox 974 83 1039 122; x_wconf 83' lang='lat'><strong>28.</strong></span> <span class='ocrx_word' id='word_1_6' title='bbox 1118 85 1197 123; x_wconf 85' lang='grc'><strong>215</strong></span> 
     </span>
    </p>
   </div>
   <div class='ocr_carea' id='block_1_2' title="bbox 91 190 1219 2146">
    <p class='ocr_par' dir='ltr' id='par_1_2' title="bbox 91 190 1198 402">
     <span class='ocr_line' id='line_1_2' title="bbox 91 190 1196 245; baseline -0.002 -13"><span class='ocrx_word' id='word_1_7' title='bbox 91 194 161 232; x_wconf 84' lang='lat' dir='ltr'><strong>iste</strong></span> <span class='ocrx_word' id='word_1_8' title='bbox 188 193 463 245; x_wconf 76' lang='lat' dir='ltr'><strong>Byzantiorum</strong></span> <span class='ocrx_word' id='word_1_9' title='bbox 494 191 860 242; x_wconf 82' lang='lat' dir='ltr'>Brogitarorumque</span> <span class='ocrx_word' id='word_1_10' title='bbox 888 190 1033 241; x_wconf 88' lang='lat' dir='ltr'><strong>praedas</strong></span> <span class='ocrx_word' id='word_1_11' title='bbox 1069 203 1196 231; x_wconf 82' lang='lat' dir='ltr'><strong>exsor-</strong></span> 
     </span>
     <span class='ocr_line' id='line_1_3' title="bbox 92 244 1198 294; baseline -0.002 -8"><span class='ocrx_word' id='word_1_12' title='bbox 92 247 177 286; x_wconf 85' lang='lat' dir='ltr'><strong>buit</strong></span> <span class='ocrx_word' id='word_1_13' title='bbox 192 250 210 286; x_wconf 89' lang='lat'>?</span> <span class='ocrx_word' id='word_1_14' title='bbox 238 254 305 285; x_wconf 80' lang='lat' dir='ltr'><strong>aut</strong></span> <span class='ocrx_word' id='word_1_15' title='bbox 329 254 408 284; x_wconf 81' lang='lat' dir='ltr'><strong>tam</strong></span> <span class='ocrx_word' id='word_1_16' title='bbox 434 245 687 284; x_wconf 81' lang='lat' dir='ltr'><strong>eminentibus</strong></span> <span class='ocrx_word' id='word_1_17' title='bbox 706 244 862 282; x_wconf 85' lang='lat' dir='ltr'><strong>canibus</strong></span> <span class='ocrx_word' id='word_1_18' title='bbox 891 245 1072 294; x_wconf 78' lang='lat' dir='ltr'><strong>Scyllam,</strong></span> <span class='ocrx_word' id='word_1_19' title='bbox 1098 254 1198 284; x_wconf 83' lang='lat' dir='ltr'><strong>tam-</strong></span> 
     </span>
     <span class='ocr_line' id='line_1_4' title="bbox 93 297 1197 351; baseline -0.001 -13"><span class='ocrx_word' id='word_1_20' title='bbox 93 312 168 351; x_wconf 87' lang='lat' dir='ltr'><strong>que</strong></span> <span class='ocrx_word' id='word_1_21' title='bbox 197 299 355 350; x_wconf 84' lang='lat' dir='ltr'><strong>jejunis,</strong></span> <span class='ocrx_word' id='word_1_22' title='bbox 385 311 516 350; x_wconf 88' lang='lat' dir='ltr'><strong>quam,</strong></span> <span class='ocrx_word' id='word_1_23' title='bbox 550 299 690 349; x_wconf 90' lang='lat' dir='ltr'><strong>quibus</strong></span> <span class='ocrx_word' id='word_1_24' title='bbox 719 297 836 334; x_wconf 88' lang='lat' dir='ltr'><strong>istum</strong></span> <span class='ocrx_word' id='word_1_25' title='bbox 869 297 1015 345; x_wconf 83' lang='lat' dir='ltr'><strong>videtis,</strong></span> <span class='ocrx_word' id='word_1_26' title='bbox 1046 298 1197 347; x_wconf 80' lang='lat' dir='ltr'><strong>Geniis,</strong></span> 
     </span>
     <span class='ocr_line' id='line_1_5' title="bbox 94 350 952 402; baseline -0.005 -11"><span class='ocrx_word' id='word_1_27' title='bbox 94 353 252 402; x_wconf 80' lang='lat' dir='ltr'><strong>Clodiis,</strong></span> <span class='ocrx_word' id='word_1_28' title='bbox 272 353 400 400; x_wconf 84' lang='lat' dir='ltr'><strong>Titiis,</strong></span> <span class='ocrx_word' id='word_1_29' title='bbox 421 353 559 390; x_wconf 87' lang='lat' dir='ltr'><strong>Rostra</strong></span> <span class='ocrx_word' id='word_1_30' title='bbox 576 352 658 402; x_wconf 88' lang='lat' dir='ltr'><strong>ipsa</strong></span> <span class='ocrx_word' id='word_1_31' title='bbox 674 350 917 388; x_wconf 82' lang='lat' dir='ltr'><strong>mandentem</strong></span> <span class='ocrx_word' id='word_1_32' title='bbox 935 352 952 388; x_wconf 71' lang='lat'><strong>‚⁹</strong></span> 
     </span>
    </p>

    <p class='ocr_par' dir='ltr' id='par_1_3' title="bbox 94 403 1202 665">
     <span class='ocr_line' id='line_1_6' title="bbox 148 403 1199 457; baseline -0.003 -12"><span class='ocrx_word' id='word_1_33' title='bbox 148 407 295 455; x_wconf 89' lang='lat' dir='ltr'><strong>Quare,</strong></span> <span class='ocrx_word' id='word_1_34' title='bbox 328 406 398 453; x_wconf 84' lang='lat' dir='ltr'><strong>(id,</strong></span> <span class='ocrx_word' id='word_1_35' title='bbox 429 405 532 457; x_wconf 93' lang='lat' dir='ltr'><strong>quod</strong></span> <span class='ocrx_word' id='word_1_36' title='bbox 549 412 775 442; x_wconf 77' lang='lat' dir='ltr'><strong>extremum</strong></span> <span class='ocrx_word' id='word_1_37' title='bbox 805 410 861 441; x_wconf 90' lang='lat' dir='ltr'><strong>est</strong></span> <span class='ocrx_word' id='word_1_38' title='bbox 884 403 924 440; x_wconf 89' lang='lat' dir='ltr'><strong>in</strong></span> <span class='ocrx_word' id='word_1_39' title='bbox 953 403 1199 456; x_wconf 83' lang='lat' dir='ltr'><strong>haruspicum</strong></span> 
     </span>
     <span class='ocr_line' id='line_1_7' title="bbox 94 456 1202 512; baseline -0.005 -14"><span class='ocrx_word' id='word_1_40' title='bbox 94 460 297 512; x_wconf 84' lang='lat' dir='ltr'><strong>responsis)</strong></span> <span class='ocrx_word' id='word_1_41' title='bbox 325 458 530 511; x_wconf 87' lang='lat' dir='ltr'><strong>providete,</strong></span> <span class='ocrx_word' id='word_1_42' title='bbox 561 470 609 495; x_wconf 91' lang='lat' dir='ltr'><strong>ne</strong></span> <span class='ocrx_word' id='word_1_43' title='bbox 637 456 854 508; x_wconf 86' lang='lat' dir='ltr'><strong>reipublicae</strong></span> <span class='ocrx_word' id='word_1_44' title='bbox 881 463 999 495; x_wconf 86' lang='lat' dir='ltr'><strong>status</strong></span> <span class='ocrx_word' id='word_1_45' title='bbox 1028 470 1202 495; x_wconf 83' lang='lat' dir='ltr'><strong>commu-</strong></span> 
     </span>
     <span class='ocr_line' id='line_1_8' title="bbox 95 509 1201 560; baseline -0.002 -9"><span class='ocrx_word' id='word_1_46' title='bbox 95 520 207 551; x_wconf 78' lang='lat' dir='ltr'><strong>tetur.</strong></span> <span class='ocrx_word' id='word_1_47' title='bbox 236 513 391 551; x_wconf 86' lang='lat' dir='ltr'><strong>Etenim</strong></span> <span class='ocrx_word' id='word_1_48' title='bbox 414 511 479 550; x_wconf 82' lang='lat' dir='ltr'><strong>vix</strong></span> <span class='ocrx_word' id='word_1_49' title='bbox 501 512 596 560; x_wconf 80' lang='lat' dir='ltr'><strong>haec,</strong></span> <span class='ocrx_word' id='word_1_50' title='bbox 622 510 653 548; x_wconf 92' lang='lat' dir='ltr'><strong>si</strong></span> <span class='ocrx_word' id='word_1_51' title='bbox 681 509 851 560; x_wconf 91' lang='lat' dir='ltr'><strong>undique</strong></span> <span class='ocrx_word' id='word_1_52' title='bbox 874 509 1091 557; x_wconf 80' lang='lat' dir='ltr'><strong>fulciamus,</strong></span> <span class='ocrx_word' id='word_1_53' title='bbox 1119 512 1201 560; x_wconf 88' lang='lat' dir='ltr'><strong>jam</strong></span> 
     </span>
     <span class='ocr_line' id='line_1_9' title="bbox 96 563 1202 616; baseline -0.003 -11"><span class='ocrx_word' id='word_1_54' title='bbox 96 566 294 613; x_wconf 80' lang='lat' dir='ltr'><strong>labefacta,</strong></span> <span class='ocrx_word' id='word_1_55' title='bbox 315 566 394 611; x_wconf 83' lang='lat' dir='ltr'><strong>vix,</strong></span> <span class='ocrx_word' id='word_1_56' title='bbox 417 566 591 616; x_wconf 90' lang='lat' dir='ltr'><strong>inquam,</strong></span> <span class='ocrx_word' id='word_1_57' title='bbox 617 563 750 602; x_wconf 82' lang='lat' dir='ltr'><strong>innixa</strong></span> <span class='ocrx_word' id='word_1_58' title='bbox 774 563 814 601; x_wconf 91' lang='lat' dir='ltr'><strong>in</strong></span> <span class='ocrx_word' id='word_1_59' title='bbox 838 563 1012 602; x_wconf 90' lang='lat' dir='ltr'><strong>omnium</strong></span> <span class='ocrx_word' id='word_1_60' title='bbox 1031 567 1202 602; x_wconf 67' lang='lat' dir='ltr'><strong>nostrum</strong></span> 
     </span>
     <span class='ocr_line' id='line_1_10' title="bbox 97 619 552 665; baseline -0.007 -7"><span class='ocrx_word' id='word_1_61' title='bbox 97 620 280 665; x_wconf 88' lang='lat' dir='ltr'><strong>humeris,</strong></span> <span class='ocrx_word' id='word_1_62' title='bbox 300 619 552 657; x_wconf 76' lang='lat' dir='ltr'><strong>cohaerebunt.</strong></span> 
     </span>
    </p>

    <p class='ocr_par' dir='ltr' id='par_1_4' title="bbox 99 669 1208 1204">
     <span class='ocr_line' id='line_1_11' title="bbox 151 669 1204 722; baseline -0.002 -11"><span class='ocrx_word' id='word_1_63' title='bbox 151 672 361 711; x_wconf 89' lang='lat' dir='ltr'>XXVIII.</span> <span class='ocrx_word' id='word_1_64' title='bbox 391 672 483 709; x_wconf 87' lang='lat' dir='ltr'><strong>Fuit</strong></span> <span class='ocrx_word' id='word_1_65' title='bbox 501 669 695 722; x_wconf 88' lang='lat' dir='ltr'><strong>quondam</strong></span> <span class='ocrx_word' id='word_1_66' title='bbox 721 669 775 707; x_wconf 85' lang='lat' dir='ltr'><strong>ita</strong></span> <span class='ocrx_word' id='word_1_67' title='bbox 792 669 903 707; x_wconf 78' lang='lat' dir='ltr'><strong>firma</strong></span> <span class='ocrx_word' id='word_1_68' title='bbox 919 670 1001 708; x_wconf 87' lang='lat' dir='ltr'><strong>haec</strong></span> <span class='ocrx_word' id='word_1_69' title='bbox 1019 670 1148 709; x_wconf 86' lang='lat' dir='ltr'><strong>civitas</strong></span> <span class='ocrx_word' id='word_1_70' title='bbox 1166 677 1204 709; x_wconf 88' lang='lat' dir='ltr'><strong>et</strong></span> 
     </span>
     <span class='ocr_line' id='line_1_12' title="bbox 99 723 1204 776; baseline -0.003 -11"><span class='ocrx_word' id='word_1_71' title='bbox 99 727 243 772; x_wconf 83' lang='lat' dir='ltr'><strong>valens,</strong></span> <span class='ocrx_word' id='word_1_72' title='bbox 270 733 315 763; x_wconf 92' lang='lat' dir='ltr'><strong>ut</strong></span> <span class='ocrx_word' id='word_1_73' title='bbox 343 724 612 776; x_wconf 85' lang='lat' dir='ltr'><strong>negligentiam</strong></span> <span class='ocrx_word' id='word_1_74' title='bbox 635 725 799 771; x_wconf 67' lang='lat' dir='ltr'><strong>senatus,</strong></span> <span class='ocrx_word' id='word_1_75' title='bbox 819 724 879 761; x_wconf 90' lang='lat' dir='ltr'><strong>vel</strong></span> <span class='ocrx_word' id='word_1_76' title='bbox 908 723 1022 762; x_wconf 87' lang='lat' dir='ltr'><strong>etiam</strong></span> <span class='ocrx_word' id='word_1_77' title='bbox 1046 723 1204 773; x_wconf 85' lang='lat' dir='ltr'><strong>injurias</strong></span> 
     </span>
     <span class='ocr_line' id='line_1_13' title="bbox 99 777 1205 829; baseline -0.003 -11"><span class='ocrx_word' id='word_1_78' title='bbox 99 781 254 828; x_wconf 89' lang='lat' dir='ltr'><strong>civium,</strong></span> <span class='ocrx_word' id='word_1_79' title='bbox 274 779 369 817; x_wconf 87' lang='lat' dir='ltr'><strong>ferre</strong></span> <span class='ocrx_word' id='word_1_80' title='bbox 386 785 519 829; x_wconf 82' lang='lat' dir='ltr'><strong>posset.</strong></span> <span class='ocrx_word' id='word_1_81' title='bbox 549 777 577 815; x_wconf 75' lang='lat' dir='ltr'><strong>,J</strong></span> <span class='ocrx_word' id='word_1_82' title='bbox 579 789 642 815; x_wconf 89' lang='lat' dir='ltr'><strong>am</strong></span> <span class='ocrx_word' id='word_1_83' title='bbox 657 788 733 815; x_wconf 91' lang='lat' dir='ltr'><strong>non</strong></span> <span class='ocrx_word' id='word_1_84' title='bbox 743 783 876 827; x_wconf 85' lang='lat' dir='ltr'><strong>potest.</strong></span> <span class='ocrx_word' id='word_1_85' title='bbox 906 777 1103 815; x_wconf 85' lang='lat' dir='ltr'><strong>AErarium</strong></span> <span class='ocrx_word' id='word_1_86' title='bbox 1117 777 1205 815; x_wconf 89' lang='lat' dir='ltr'><strong>nul-</strong></span> 
     </span>
     <span class='ocr_line' id='line_1_14' title="bbox 101 829 1205 882; baseline -0.003 -11"><span class='ocrx_word' id='word_1_87' title='bbox 101 833 184 871; x_wconf 92' lang='lat' dir='ltr'><strong>lum</strong></span> <span class='ocrx_word' id='word_1_88' title='bbox 211 840 292 871; x_wconf 82' lang='lat' dir='ltr'><strong>est:</strong></span> <span class='ocrx_word' id='word_1_89' title='bbox 335 831 579 882; x_wconf 82' lang='lat' dir='ltr'><strong>vectigalibus</strong></span> <span class='ocrx_word' id='word_1_90' title='bbox 608 842 684 868; x_wconf 90' lang='lat' dir='ltr'><strong>non</strong></span> <span class='ocrx_word' id='word_1_91' title='bbox 714 830 907 878; x_wconf 83' lang='lat' dir='ltr'><strong>fruuntur,</strong></span> <span class='ocrx_word' id='word_1_92' title='bbox 941 829 1008 882; x_wconf 91' lang='lat' dir='ltr'><strong>qui</strong></span> <span class='ocrx_word' id='word_1_93' title='bbox 1037 830 1205 868; x_wconf 89' lang='lat' dir='ltr'><strong>redeme-</strong></span> 
     </span>
     <span class='ocr_line' id='line_1_15' title="bbox 102 883 1207 936; baseline -0.004 -11"><span class='ocrx_word' id='word_1_94' title='bbox 102 894 193 925; x_wconf 87' lang='lat' dir='ltr'><strong>runt</strong></span> <span class='ocrx_word' id='word_1_95' title='bbox 208 900 219 923; x_wconf 80' lang='lat' dir='ltr'>z</span> <span class='ocrx_word' id='word_1_96' title='bbox 249 885 449 924; x_wconf 84' lang='lat' dir='ltr'><strong>auctoritas</strong></span> <span class='ocrx_word' id='word_1_97' title='bbox 466 884 683 936; x_wconf 83' lang='lat' dir='ltr'><strong>principum</strong></span> <span class='ocrx_word' id='word_1_98' title='bbox 701 883 856 921; x_wconf 85' lang='lat' dir='ltr'><strong>cecidit:</strong></span> <span class='ocrx_word' id='word_1_99' title='bbox 887 894 1087 921; x_wconf 85' lang='lat' dir='ltr'><strong>consensus</strong></span> <span class='ocrx_word' id='word_1_100' title='bbox 1105 883 1207 922; x_wconf 88' lang='lat' dir='ltr'><strong>ordi-</strong></span> 
     </span>
     <span class='ocr_line' id='line_1_16' title="bbox 102 935 1207 988; baseline -0.005 -10"><span class='ocrx_word' id='word_1_101' title='bbox 102 951 198 978; x_wconf 89' lang='lat' dir='ltr'><strong>num</strong></span> <span class='ocrx_word' id='word_1_102' title='bbox 217 946 271 978; x_wconf 80' lang='lat' dir='ltr'><strong>est</strong></span> <span class='ocrx_word' id='word_1_103' title='bbox 296 938 493 976; x_wconf 86' lang='lat' dir='ltr'><strong>divulsus:</strong></span> <span class='ocrx_word' id='word_1_104' title='bbox 520 936 665 987; x_wconf 86' lang='lat' dir='ltr'><strong>judicia</strong></span> <span class='ocrx_word' id='word_1_105' title='bbox 686 936 903 987; x_wconf 81' lang='lat' dir='ltr'><strong>perierunt:</strong></span> <span class='ocrx_word' id='word_1_106' title='bbox 933 935 1114 988; x_wconf 86' lang='lat' dir='ltr'><strong>suffragia</strong></span> <span class='ocrx_word' id='word_1_107' title='bbox 1141 936 1207 974; x_wconf 86' lang='lat' dir='ltr'><strong>de-</strong></span> 
     </span>
     <span class='ocr_line' id='line_1_17' title="bbox 103 989 1206 1044; baseline -0.005 -12"><span class='ocrx_word' id='word_1_108' title='bbox 103 993 240 1044; x_wconf 85' lang='lat' dir='ltr'><strong>scripta</strong></span> <span class='ocrx_word' id='word_1_109' title='bbox 257 999 432 1031; x_wconf 79' lang='lat' dir='ltr'><strong>tenentur</strong></span> <span class='ocrx_word' id='word_1_110' title='bbox 457 1004 480 1029; x_wconf 85' lang='lat' dir='ltr'><strong>a</strong></span> <span class='ocrx_word' id='word_1_111' title='bbox 496 991 647 1042; x_wconf 79' lang='lat' dir='ltr'><strong>paucis:</strong></span> <span class='ocrx_word' id='word_1_112' title='bbox 677 991 864 1027; x_wconf 87' lang='lat' dir='ltr'><strong>bonorum</strong></span> <span class='ocrx_word' id='word_1_113' title='bbox 888 989 1039 1028; x_wconf 86' lang='lat' dir='ltr'><strong>animus</strong></span> <span class='ocrx_word' id='word_1_114' title='bbox 1056 989 1106 1028; x_wconf 82' lang='lat' dir='ltr'><strong>ad</strong></span> <span class='ocrx_word' id='word_1_115' title='bbox 1134 1001 1206 1027; x_wconf 90' lang='lat' dir='ltr'><strong>nu-</strong></span> 
     </span>
     <span class='ocr_line' id='line_1_18' title="bbox 103 1042 1205 1095; baseline -0.004 -11"><span class='ocrx_word' id='word_1_116' title='bbox 103 1054 188 1084; x_wconf 87' lang='lat' dir='ltr'><strong>tnrn</strong></span> <span class='ocrx_word' id='word_1_117' title='bbox 211 1045 327 1084; x_wconf 87' lang='lat' dir='ltr'><strong>nostri</strong></span> <span class='ocrx_word' id='word_1_118' title='bbox 352 1044 492 1084; x_wconf 90' lang='lat' dir='ltr'><strong>ordinis</strong></span> <span class='ocrx_word' id='word_1_119' title='bbox 517 1043 714 1095; x_wconf 84' lang='lat' dir='ltr'><strong>expeditus</strong></span> <span class='ocrx_word' id='word_1_120' title='bbox 731 1044 813 1092; x_wconf 87' lang='lat' dir='ltr'><strong>jam</strong></span> <span class='ocrx_word' id='word_1_121' title='bbox 842 1055 917 1081; x_wconf 90' lang='lat' dir='ltr'><strong>non</strong></span> <span class='ocrx_word' id='word_1_122' title='bbox 948 1043 1040 1081; x_wconf 84' lang='lat' dir='ltr'><strong>erit:</strong></span> <span class='ocrx_word' id='word_1_123' title='bbox 1070 1042 1205 1090; x_wconf 87' lang='lat' dir='ltr'><strong>civem,</strong></span> 
     </span>
     <span class='ocr_line' id='line_1_19' title="bbox 105 1095 1208 1151; baseline -0.004 -13"><span class='ocrx_word' id='word_1_124' title='bbox 105 1100 175 1151; x_wconf 80' lang='lat' dir='ltr'><strong>qui</strong></span> <span class='ocrx_word' id='word_1_125' title='bbox 204 1112 242 1138; x_wconf 87' lang='lat' dir='ltr'><strong>se</strong></span> <span class='ocrx_word' id='word_1_126' title='bbox 270 1112 340 1151; x_wconf 88' lang='lat' dir='ltr'><strong>pro</strong></span> <span class='ocrx_word' id='word_1_127' title='bbox 371 1098 502 1149; x_wconf 86' lang='lat' dir='ltr'><strong>patriae</strong></span> <span class='ocrx_word' id='word_1_128' title='bbox 530 1098 650 1136; x_wconf 77' lang='lat' dir='ltr'><strong>salute</strong></span> <span class='ocrx_word' id='word_1_129' title='bbox 678 1103 845 1148; x_wconf 85' lang='lat' dir='ltr'><strong>opponat</strong></span> <span class='ocrx_word' id='word_1_130' title='bbox 874 1095 1038 1146; x_wconf 80' lang='lat' dir='ltr'><strong>invidiae,</strong></span> <span class='ocrx_word' id='word_1_131' title='bbox 1069 1095 1208 1134; x_wconf 81' lang='lat' dir='ltr'><strong>frustra</strong></span> 
     </span>
     <span class='ocr_line' id='line_1_20' title="bbox 107 1151 489 1204; baseline -0.01 -12"><span class='ocrx_word' id='word_1_132' title='bbox 107 1152 263 1204; x_wconf 81' lang='lat' dir='ltr'><strong>posthac</strong></span> <span class='ocrx_word' id='word_1_133' title='bbox 280 1151 489 1203; x_wconf 81' lang='lat' dir='ltr'><strong>requiretis.</strong></span> 
     </span>
    </p>

    <p class='ocr_par' dir='ltr' id='par_1_5' title="bbox 106 1203 1219 2146">
     <span class='ocr_line' id='line_1_21' title="bbox 160 1203 1210 1255; baseline -0.003 -12"><span class='ocrx_word' id='word_1_134' title='bbox 160 1206 290 1254; x_wconf 86' lang='lat' dir='ltr'><strong>Quare</strong></span> <span class='ocrx_word' id='word_1_135' title='bbox 307 1205 409 1243; x_wconf 88' lang='lat' dir='ltr'><strong>hunc</strong></span> <span class='ocrx_word' id='word_1_136' title='bbox 434 1211 589 1251; x_wconf 88' lang='lat' dir='ltr'><strong>statum,</strong></span> <span class='ocrx_word' id='word_1_137' title='bbox 609 1203 677 1255; x_wconf 90' lang='lat' dir='ltr'><strong>qui</strong></span> <span class='ocrx_word' id='word_1_138' title='bbox 701 1214 804 1241; x_wconf 82' lang='lat' dir='ltr'><strong>nunc</strong></span> <span class='ocrx_word' id='word_1_139' title='bbox 822 1209 890 1249; x_wconf 86' lang='lat' dir='ltr'><strong>est,</strong></span> <span class='ocrx_word' id='word_1_140' title='bbox 920 1203 1210 1254; x_wconf 87' lang='lat' dir='ltr'><strong>qualiscumque</strong></span> 
     </span>
     <span class='ocr_line' id='line_1_22' title="bbox 106 1255 1208 1308; baseline -0.004 -10"><span class='ocrx_word' id='word_1_141' title='bbox 106 1268 175 1308; x_wconf 81' lang='lat' dir='ltr'><strong>est,</strong></span> <span class='ocrx_word' id='word_1_142' title='bbox 194 1258 302 1297; x_wconf 55' lang='lat' dir='ltr'><strong>null‘ssa</strong></span> <span class='ocrx_word' id='word_1_143' title='bbox 320 1257 395 1296; x_wconf 63' lang='lat' dir='ltr'><strong>alia</strong></span> <span class='ocrx_word' id='word_1_144' title='bbox 413 1270 466 1305; x_wconf 88' lang='lat' dir='ltr'><strong>re,</strong></span> <span class='ocrx_word' id='word_1_145' title='bbox 493 1257 565 1294; x_wconf 86' lang='lat' dir='ltr'><strong>nisi</strong></span> <span class='ocrx_word' id='word_1_146' title='bbox 589 1255 799 1305; x_wconf 63' lang='lat' dir='ltr'><strong>concordia,</strong></span> <span class='ocrx_word' id='word_1_147' title='bbox 818 1256 977 1294; x_wconf 88' lang='lat' dir='ltr'><strong>retinere</strong></span> <span class='ocrx_word' id='word_1_148' title='bbox 994 1268 1208 1307; x_wconf 88' lang='lat' dir='ltr'><strong>possumus.</strong></span> 
     </span>
     <span class='ocr_line' id='line_1_23' title="bbox 108 1309 1209 1361; baseline -0.003 -11"><span class='ocrx_word' id='word_1_149' title='bbox 108 1313 228 1359; x_wconf 86' lang='lat' dir='ltr'><strong>Nam,</strong></span> <span class='ocrx_word' id='word_1_150' title='bbox 249 1318 292 1349; x_wconf 92' lang='lat' dir='ltr'><strong>ut</strong></span> <span class='ocrx_word' id='word_1_151' title='bbox 319 1311 474 1348; x_wconf 85' lang='lat' dir='ltr'><strong>meliore</strong></span> <span class='ocrx_word' id='word_1_152' title='bbox 501 1310 620 1348; x_wconf 89' lang='lat' dir='ltr'><strong>simus</strong></span> <span class='ocrx_word' id='word_1_153' title='bbox 637 1310 733 1355; x_wconf 79' lang='lat' dir='ltr'><strong>loco,</strong></span> <span class='ocrx_word' id='word_1_154' title='bbox 758 1321 806 1347; x_wconf 90' lang='lat' dir='ltr'><strong>ne</strong></span> <span class='ocrx_word' id='word_1_155' title='bbox 824 1309 1034 1360; x_wconf 85' lang='lat' dir='ltr'><strong>optandum</strong></span> <span class='ocrx_word' id='word_1_156' title='bbox 1053 1309 1209 1361; x_wconf 88' lang='lat' dir='ltr'><strong>quidem</strong></span> 
     </span>
     <span class='ocr_line' id='line_1_24' title="bbox 108 1362 1208 1415; baseline -0.004 -11"><span class='ocrx_word' id='word_1_157' title='bbox 108 1373 180 1414; x_wconf 90' lang='lat' dir='ltr'><strong>est,</strong></span> <span class='ocrx_word' id='word_1_158' title='bbox 199 1365 266 1404; x_wconf 89' lang='lat' dir='ltr'><strong>illo</strong></span> <span class='ocrx_word' id='word_1_159' title='bbox 295 1363 508 1415; x_wconf 87' lang='lat' dir='ltr'><strong>impunito:</strong></span> <span class='ocrx_word' id='word_1_160' title='bbox 538 1362 718 1401; x_wconf 84' lang='lat' dir='ltr'><strong>deteriore</strong></span> <span class='ocrx_word' id='word_1_161' title='bbox 736 1369 865 1400; x_wconf 88' lang='lat' dir='ltr'><strong>autem</strong></span> <span class='ocrx_word' id='word_1_162' title='bbox 883 1369 983 1401; x_wconf 84' lang='lat' dir='ltr'><strong>statu</strong></span> <span class='ocrx_word' id='word_1_163' title='bbox 1012 1369 1056 1401; x_wconf 93' lang='lat' dir='ltr'><strong>ut</strong></span> <span class='ocrx_word' id='word_1_164' title='bbox 1074 1363 1208 1410; x_wconf 87' lang='lat' dir='ltr'><strong>simus,</strong></span> 
     </span>
     <span class='ocr_line' id='line_1_25' title="bbox 109 1415 1208 1468; baseline -0.004 -11"><span class='ocrx_word' id='word_1_165' title='bbox 109 1431 211 1457; x_wconf 84' lang='lat' dir='ltr'><strong>unus</strong></span> <span class='ocrx_word' id='word_1_166' title='bbox 229 1424 284 1456; x_wconf 90' lang='lat' dir='ltr'><strong>est</strong></span> <span class='ocrx_word' id='word_1_167' title='bbox 301 1416 453 1455; x_wconf 86' lang='lat' dir='ltr'><strong>inferior</strong></span> <span class='ocrx_word' id='word_1_168' title='bbox 470 1415 623 1468; x_wconf 84' lang='lat' dir='ltr'><strong>gradus,</strong></span> <span class='ocrx_word' id='word_1_169' title='bbox 637 1423 703 1454; x_wconf 85' lang='lat' dir='ltr'><strong>aut</strong></span> <span class='ocrx_word' id='word_1_170' title='bbox 712 1415 897 1464; x_wconf 66' lang='lat' dir='ltr'><strong>interitus,</strong></span> <span class='ocrx_word' id='word_1_171' title='bbox 910 1422 977 1453; x_wconf 91' lang='lat' dir='ltr'><strong>aut</strong></span> <span class='ocrx_word' id='word_1_172' title='bbox 995 1416 1182 1454; x_wconf 88' lang='lat' dir='ltr'><strong>servitutis</strong></span> <span class='ocrx_word' id='word_1_173' title='bbox 1197 1430 1208 1453; x_wconf 92' lang='lat'><strong>:</strong></span> 
     </span>
     <span class='ocr_line' id='line_1_26' title="bbox 109 1468 1209 1524; baseline -0.004 -14"><span class='ocrx_word' id='word_1_174' title='bbox 109 1485 197 1524; x_wconf 87' lang='lat' dir='ltr'><strong>quo-</strong></span> <span class='ocrx_word' id='word_1_175' title='bbox 218 1483 266 1509; x_wconf 91' lang='lat' dir='ltr'><strong>ne</strong></span> <span class='ocrx_word' id='word_1_176' title='bbox 293 1469 506 1516; x_wconf 85' lang='lat' dir='ltr'><strong>trudamur,</strong></span> <span class='ocrx_word' id='word_1_177' title='bbox 538 1469 607 1506; x_wconf 93' lang='lat' dir='ltr'><strong>Dii</strong></span> <span class='ocrx_word' id='word_1_178' title='bbox 631 1468 862 1506; x_wconf 82' lang='lat' dir='ltr'><strong>immortales</strong></span> <span class='ocrx_word' id='word_1_179' title='bbox 893 1480 961 1506; x_wconf 93' lang='lat' dir='ltr'><strong>nos</strong></span> <span class='ocrx_word' id='word_1_180' title='bbox 989 1469 1209 1516; x_wconf 85' lang='lat' dir='ltr'><strong>admonent,</strong></span> 
     </span>
     <span class='ocr_line' id='line_1_27' title="bbox 110 1521 1211 1578; baseline -0.004 -15"><span class='ocrx_word' id='word_1_181' title='bbox 110 1525 292 1578; x_wconf 79' lang='lat' dir='ltr'><strong>quoniam</strong></span> <span class='ocrx_word' id='word_1_182' title='bbox 321 1523 550 1574; x_wconf 89' lang='lat' dir='ltr'><strong>jampridem</strong></span> <span class='ocrx_word' id='word_1_183' title='bbox 588 1521 759 1560; x_wconf 85' lang='lat' dir='ltr'><strong>humana</strong></span> <span class='ocrx_word' id='word_1_184' title='bbox 794 1522 948 1559; x_wconf 87' lang='lat' dir='ltr'><strong>consilia</strong></span> <span class='ocrx_word' id='word_1_185' title='bbox 985 1522 1211 1561; x_wconf 85' lang='lat' dir='ltr'><strong>ceciderunt.</strong></span> 
     </span>
     <span class='ocr_line' id='line_1_28' title="bbox 109 1575 1212 1629; baseline -0.003 -13"><span class='ocrx_word' id='word_1_186' title='bbox 109 1579 243 1629; x_wconf 80' lang='lat' dir='ltr'><strong>Atque</strong></span> <span class='ocrx_word' id='word_1_187' title='bbox 273 1589 342 1628; x_wconf 90' lang='lat' dir='ltr'><strong>ego</strong></span> <span class='ocrx_word' id='word_1_188' title='bbox 370 1577 469 1615; x_wconf 85' lang='lat' dir='ltr'><strong>hanc</strong></span> <span class='ocrx_word' id='word_1_189' title='bbox 494 1575 716 1622; x_wconf 87' lang='lat' dir='ltr'><strong>orationem,</strong></span> <span class='ocrx_word' id='word_1_190' title='bbox 742 1581 865 1625; x_wconf 86' lang='lat' dir='ltr'><strong>patres</strong></span> <span class='ocrx_word' id='word_1_191' title='bbox 893 1575 1105 1626; x_wconf 87' lang='lat' dir='ltr'><strong>conscripti,</strong></span> <span class='ocrx_word' id='word_1_192' title='bbox 1131 1582 1212 1613; x_wconf 86' lang='lat' dir='ltr'><strong>tam</strong></span> 
     </span>
     <span class='ocr_line' id='line_1_29' title="bbox 112 1627 1211 1680; baseline -0.002 -12"><span class='ocrx_word' id='word_1_193' title='bbox 112 1630 270 1678; x_wconf 86' lang='lat' dir='ltr'><strong>tristem,</strong></span> <span class='ocrx_word' id='word_1_194' title='bbox 290 1637 370 1668; x_wconf 85' lang='lat' dir='ltr'><strong>tam</strong></span> <span class='ocrx_word' id='word_1_195' title='bbox 383 1641 550 1680; x_wconf 84' lang='lat' dir='ltr'><strong>gravem,</strong></span> <span class='ocrx_word' id='word_1_196' title='bbox 564 1640 640 1666; x_wconf 89' lang='lat' dir='ltr'><strong>non</strong></span> <span class='ocrx_word' id='word_1_197' title='bbox 659 1627 918 1679; x_wconf 86' lang='lat' dir='ltr'><strong>suscepissem,</strong></span> <span class='ocrx_word' id='word_1_198' title='bbox 933 1640 1024 1677; x_wconf 92' lang='lat' dir='ltr'><strong>non,</strong></span> <span class='ocrx_word' id='word_1_199' title='bbox 1037 1629 1211 1679; x_wconf 86' lang='lat' dir='ltr'><strong>inquam,</strong></span> 
     </span>
     <span class='ocr_line' id='line_1_30' title="bbox 112 1680 1215 1742; baseline -0.003 -21"><span class='ocrx_word' id='word_1_200' title='bbox 112 1683 186 1721; x_wconf 88' lang='lat' dir='ltr'><strong>nisi</strong></span> <span class='ocrx_word' id='word_1_201' title='bbox 202 1683 299 1721; x_wconf 88' lang='lat' dir='ltr'><strong>hanc</strong></span> <span class='ocrx_word' id='word_1_202' title='bbox 316 1694 527 1734; x_wconf 86' lang='lat' dir='ltr'><strong>personam,</strong></span> <span class='ocrx_word' id='word_1_203' title='bbox 547 1688 584 1719; x_wconf 91' lang='lat' dir='ltr'><strong>et</strong></span> <span class='ocrx_word' id='word_1_204' title='bbox 605 1681 673 1719; x_wconf 87' lang='lat' dir='ltr'><strong>has</strong></span> <span class='ocrx_word' id='word_1_205' title='bbox 697 1687 835 1732; x_wconf 75' lang='lat' dir='ltr'><strong>parteS,</strong></span> <span class='ocrx_word' id='word_1_206' title='bbox 860 1681 1064 1720; x_wconf 88' lang='lat' dir='ltr'><strong>honoribus</strong></span> <span class='ocrx_word' id='word_1_207' title='bbox 1082 1680 1215 1742; x_wconf 81' lang='lat' dir='ltr'><strong>populi</strong></span> 
     </span>
     <span class='ocr_line' id='line_1_31' title="bbox 114 1733 1213 1786; baseline -0.005 -10"><span class='ocrx_word' id='word_1_208' title='bbox 114 1735 296 1783; x_wconf 84' lang='lat' dir='ltr'><strong>Romani,</strong></span> <span class='ocrx_word' id='word_1_209' title='bbox 317 1736 445 1774; x_wconf 86' lang='lat' dir='ltr'><strong>vestris</strong></span> <span class='ocrx_word' id='word_1_210' title='bbox 473 1734 648 1786; x_wconf 90' lang='lat' dir='ltr'><strong>plurimis</strong></span> <span class='ocrx_word' id='word_1_211' title='bbox 665 1733 907 1783; x_wconf 87' lang='lat' dir='ltr'><strong>ornamentis,</strong></span> <span class='ocrx_word' id='word_1_212' title='bbox 933 1734 1030 1773; x_wconf 91' lang='lat' dir='ltr'><strong>mihi</strong></span> <span class='ocrx_word' id='word_1_213' title='bbox 1048 1733 1213 1780; x_wconf 77' lang='lat' dir='ltr'><strong>tributis,</strong></span> 
     </span>
     <span class='ocr_line' id='line_1_32' title="bbox 114 1786 1215 1840; baseline -0.004 -12"><span class='ocrx_word' id='word_1_214' title='bbox 114 1790 304 1836; x_wconf 89' lang='lat' dir='ltr'><strong>deberem,</strong></span> <span class='ocrx_word' id='word_1_215' title='bbox 324 1795 361 1826; x_wconf 89' lang='lat' dir='ltr'><strong>et</strong></span> <span class='ocrx_word' id='word_1_216' title='bbox 377 1800 522 1840; x_wconf 87' lang='lat' dir='ltr'><strong>possem</strong></span> <span class='ocrx_word' id='word_1_217' title='bbox 547 1787 727 1834; x_wconf 82' lang='lat' dir='ltr'><strong>sustinere</strong></span> <span class='ocrx_word' id='word_1_218' title='bbox 743 1801 753 1824; x_wconf 72' lang='lat' dir='ltr'>z</span> <span class='ocrx_word' id='word_1_219' title='bbox 784 1786 848 1824; x_wconf 89' lang='lat' dir='ltr'><strong>sed</strong></span> <span class='ocrx_word' id='word_1_220' title='bbox 865 1793 992 1826; x_wconf 83' lang='lat' dir='ltr'><strong>tamen</strong></span> <span class='ocrx_word' id='word_1_221' title='bbox 1016 1787 1138 1835; x_wconf 78' lang='lat' dir='ltr'><strong>facile,</strong></span> <span class='ocrx_word' id='word_1_222' title='bbox 1158 1793 1215 1824; x_wconf 85' lang='lat' dir='ltr'><strong>ta-</strong></span> 
     </span>
     <span class='ocr_line' id='line_1_33' title="bbox 116 1838 1217 1888; baseline -0.003 -8"><span class='ocrx_word' id='word_1_223' title='bbox 116 1842 287 1881; x_wconf 89' lang='lat' dir='ltr'><strong>centibus</strong></span> <span class='ocrx_word' id='word_1_224' title='bbox 305 1841 460 1888; x_wconf 82' lang='lat' dir='ltr'><strong>caeteris,</strong></span> <span class='ocrx_word' id='word_1_225' title='bbox 483 1840 738 1886; x_wconf 86' lang='lat' dir='ltr'><strong>reticuissem;</strong></span> <span class='ocrx_word' id='word_1_226' title='bbox 768 1839 833 1877; x_wconf 91' lang='lat' dir='ltr'><strong>sed</strong></span> <span class='ocrx_word' id='word_1_227' title='bbox 854 1840 934 1879; x_wconf 88' lang='lat' dir='ltr'><strong>haec</strong></span> <span class='ocrx_word' id='word_1_228' title='bbox 958 1840 1076 1879; x_wconf 85' lang='lat' dir='ltr'><strong>oratio</strong></span> <span class='ocrx_word' id='word_1_229' title='bbox 1093 1838 1217 1878; x_wconf 90' lang='lat' dir='ltr'><strong>omnis</strong></span> 
     </span>
     <span class='ocr_line' id='line_1_34' title="bbox 116 1892 1214 1944; baseline -0.005 -10"><span class='ocrx_word' id='word_1_230' title='bbox 116 1895 203 1943; x_wconf 84' lang='lat' dir='ltr'><strong>fuit,</strong></span> <span class='ocrx_word' id='word_1_231' title='bbox 234 1906 310 1932; x_wconf 90' lang='lat' dir='ltr'><strong>non</strong></span> <span class='ocrx_word' id='word_1_232' title='bbox 339 1893 567 1932; x_wconf 82' lang='lat' dir='ltr'><strong>auctoritatis</strong></span> <span class='ocrx_word' id='word_1_233' title='bbox 594 1906 703 1940; x_wconf 86' lang='lat' dir='ltr'><strong>meae,</strong></span> <span class='ocrx_word' id='word_1_234' title='bbox 734 1892 798 1931; x_wconf 90' lang='lat' dir='ltr'><strong>sed</strong></span> <span class='ocrx_word' id='word_1_235' title='bbox 822 1893 984 1944; x_wconf 88' lang='lat' dir='ltr'><strong>publicae</strong></span> <span class='ocrx_word' id='word_1_236' title='bbox 1012 1892 1214 1943; x_wconf 86' lang='lat' dir='ltr'><strong>religionis.</strong></span> 
     </span>
     <span class='ocr_line' id='line_1_35' title="bbox 117 1945 1218 1997; baseline -0.005 -10"><span class='ocrx_word' id='word_1_237' title='bbox 117 1948 214 1987; x_wconf 88' lang='lat' dir='ltr'><strong>Mea</strong></span> <span class='ocrx_word' id='word_1_238' title='bbox 231 1947 384 1985; x_wconf 88' lang='lat' dir='ltr'><strong>fuerunt</strong></span> <span class='ocrx_word' id='word_1_239' title='bbox 396 1948 509 1984; x_wconf 88' lang='lat' dir='ltr'><strong>verba</strong></span> <span class='ocrx_word' id='word_1_240' title='bbox 518 1946 672 1985; x_wconf 80' lang='lat' dir='ltr'><strong>fortasse</strong></span> <span class='ocrx_word' id='word_1_241' title='bbox 689 1946 801 1997; x_wconf 90' lang='lat' dir='ltr'><strong>plura</strong></span> <span class='ocrx_word' id='word_1_242' title='bbox 816 1960 826 1983; x_wconf 75' lang='grc' dir='ltr'><strong><em>ε</em></strong></span> <span class='ocrx_word' id='word_1_243' title='bbox 857 1945 1049 1985; x_wconf 69' lang='lat' dir='ltr'><strong>sententiae</strong></span> <span class='ocrx_word' id='word_1_244' title='bbox 1063 1945 1218 1996; x_wconf 89' lang='lat' dir='ltr'><strong>quidem</strong></span> 
     </span>
     <span class='ocr_line' id='line_1_36' title="bbox 118 1997 1219 2051; baseline -0.005 -11"><span class='ocrx_word' id='word_1_245' title='bbox 118 2013 249 2040; x_wconf 90' lang='lat' dir='ltr'><strong>omnes</strong></span> <span class='ocrx_word' id='word_1_246' title='bbox 276 1999 544 2051; x_wconf 85' lang='lat' dir='ltr'><strong>haruspicum:</strong></span> <span class='ocrx_word' id='word_1_247' title='bbox 586 1999 636 2038; x_wconf 90' lang='lat' dir='ltr'><strong>ad</strong></span> <span class='ocrx_word' id='word_1_248' title='bbox 664 2012 758 2050; x_wconf 90' lang='lat' dir='ltr'><strong>quos</strong></span> <span class='ocrx_word' id='word_1_249' title='bbox 786 2006 852 2037; x_wconf 91' lang='lat' dir='ltr'><strong>aut</strong></span> <span class='ocrx_word' id='word_1_250' title='bbox 886 1999 1015 2037; x_wconf 85' lang='lat' dir='ltr'><strong>referri</strong></span> <span class='ocrx_word' id='word_1_251' title='bbox 1045 1997 1219 2036; x_wconf 76' lang='lat' dir='ltr'><strong>nuntiata</strong></span> 
     </span>
     <span class='ocr_line' id='line_1_37' title="bbox 120 2050 1219 2103; baseline -0.004 -10"><span class='ocrx_word' id='word_1_252' title='bbox 120 2061 266 2093; x_wconf 87' lang='lat' dir='ltr'><strong>ostenta</strong></span> <span class='ocrx_word' id='word_1_253' title='bbox 286 2065 362 2091; x_wconf 90' lang='lat' dir='ltr'><strong>non</strong></span> <span class='ocrx_word' id='word_1_254' title='bbox 387 2052 573 2102; x_wconf 86' lang='lat' dir='ltr'><strong>convenit,</strong></span> <span class='ocrx_word' id='word_1_255' title='bbox 599 2059 666 2091; x_wconf 87' lang='lat' dir='ltr'><strong>aut</strong></span> <span class='ocrx_word' id='word_1_256' title='bbox 691 2064 823 2091; x_wconf 88' lang='lat' dir='ltr'><strong>eorum</strong></span> <span class='ocrx_word' id='word_1_257' title='bbox 847 2050 1030 2103; x_wconf 85' lang='lat' dir='ltr'><strong>responsis</strong></span> <span class='ocrx_word' id='word_1_258' title='bbox 1051 2062 1219 2090; x_wconf 90' lang='lat' dir='ltr'><strong>commo-</strong></span> 
     </span>
     <span class='ocr_line' id='line_1_38' title="bbox 123 2108 447 2146; baseline -0.009 0"><span class='ocrx_word' id='word_1_259' title='bbox 123 2108 201 2146; x_wconf 87' lang='lat' dir='ltr'><strong>veri</strong></span> <span class='ocrx_word' id='word_1_260' title='bbox 218 2119 364 2145; x_wconf 82' lang='lat' dir='ltr'><strong>necesse</strong></span> <span class='ocrx_word' id='word_1_261' title='bbox 381 2113 447 2145; x_wconf 91' lang='lat' dir='ltr'><strong>est.</strong></span> 
     </span>
    </p>
   </div>
   <div class='ocr_carea' id='block_1_3' title="bbox 174 2159 1221 2210">
    <p class='ocr_par' dir='ltr' id='par_1_6' title="bbox 174 2159 1221 2210">
     <span class='ocr_line' id='line_1_39' title="bbox 174 2159 1221 2210; baseline -0.006 -10"><span class='ocrx_word' id='word_1_262' title='bbox 174 2159 292 2208; x_wconf 89' lang='lat' dir='ltr'><strong>Quod</strong></span> <span class='ocrx_word' id='word_1_263' title='bbox 323 2159 355 2197; x_wconf 89' lang='lat' dir='ltr'><strong>si</strong></span> <span class='ocrx_word' id='word_1_264' title='bbox 385 2166 515 2199; x_wconf 81' lang='lat' dir='ltr'><strong>caetera</strong></span> <span class='ocrx_word' id='word_1_265' title='bbox 545 2159 667 2210; x_wconf 78' lang='lat' dir='ltr'><strong>magis</strong></span> <span class='ocrx_word' id='word_1_266' title='bbox 698 2159 920 2209; x_wconf 86' lang='lat' dir='ltr'><strong>pervulgata</strong></span> <span class='ocrx_word' id='word_1_267' title='bbox 947 2169 1016 2198; x_wconf 89' lang='lat' dir='ltr'><strong>nos</strong></span> <span class='ocrx_word' id='word_1_268' title='bbox 1041 2169 1150 2210; x_wconf 72' lang='lat' dir='ltr'><strong>saepe,</strong></span> <span class='ocrx_word' id='word_1_269' title='bbox 1184 2162 1221 2195; x_wconf 89' lang='lat' dir='ltr'><strong>et</strong></span> 
     </span>
    </p>
   </div>
  </div>
 </body>
</html>
