1425 2334
344 88 455 129 PRO
487 88 751 127 PLANCIO.
783 89 886 128 (λιν.
906 90 970 127 30.
1132 92 1208 134 247

106 201 267 238 viverem
272 203 534 249 ,nonputaret¹
560 194 1046 241 Quamobremnondebet
1036 210 1067 235 1s
1079 198 1207 260 homo,

106 261 145 291 et
156 253 187 291 is
198 253 300 298 civis,
316 251 530 309 praedicare,
545 247 662 286 vitam
673 260 768 285 mea
763 261 813 294 11,
827 262 912 299 quae
925 250 1101 289 fidelitate
1112 253 1206 290 ami-

104 319 237 344 corum
255 311 467 343 conservata
485 302 546 350 sit,
579 301 817 339 inimicorum
835 315 875 339 111
877 302 1017 341 οᾶεεῖὶἓι
1038 316 1113 343 non
1131 320 1209 346 esse

108 359 329 410 appetitam.

160 412 297 450 XXX.
327 409 577 462 Respondebo
600 408 668 447 tibi
692 420 806 454 nunc,
834 409 1061 457 Laterensis,
1082 413 1209 453 minus

104 464 262 503 fortasse
280 463 532 509 vehementer,
560 475 677 514 quam
702 464 768 499 abs
793 470 830 500 te
854 475 939 500 sum
961 473 1206 525 provocatus·
1195 496 1207 512 ,

107 518 173 556 sed
190 518 355 570 profecto
373 529 440 555 nec
452 517 677 554 considerate
691 515 831 563 minus,
843 528 911 553 nec
922 516 1050 554 minus
1062 519 1204 558 amice:

108 583 199 610 nam
227 571 397 622 primum
414 569 512 607 illud
530 569 603 607 fuit
620 569 798 619 asperius,
814 581 889 615 me,
917 582 1004 620 quae
1025 570 1072 607 de
1091 571 1207 609 Plan-

107 624 164 662 cio
182 624 358 672 dicerem,
377 623 542 669 mentiri,
563 630 599 660 et
617 622 795 683 temporis
819 623 931 660 causa
948 623 1100 673 fingere.
1129 626 1209 663 Sci-

105 677 193 716 licet
223 678 338 715 homo
369 677 515 727 sapiens
544 675 764 726 excogitavi,
793 677 1039 726 quamobrem
1069 677 1213 717 viderer

106 731 286 768 maximis
304 729 473 768 beneficii
485 729 641 767 vinculis
653 728 864 775 obstrictus,
877 742 965 766 cum
976 729 1072 767 liber
1090 743 1209 770 essem

107 790 145 821 et
155 785 310 822 solutus.
339 783 446 831 Quid
459 782 559 820 enim
574 785 591 820 ?
604 782 714 828 mihi,
735 781 783 819 ad
800 781 1079 820 defendendum
1092 784 1209 823 Plan-

108 836 224 883 cium,
254 849 390 887 parum
426 836 570 881 multae,
601 848 737 886 parum
763 836 888 883 justae,
922 836 1210 876 necessitudines

108 897 213 928 erant
230 890 507 936 familiaritatis,
528 889 738 935 vicinitatis,
759 888 874 939 patris
892 889 1066 927 amicitiae
1080 893 1097 928 Ρ
1125 904 1212 942 quae

107 943 140 980 si
157 955 232 982 non
251 950 386 990 essent,
406 954 562 988 vererer,
584 942 724 988 (credo)
744 953 790 979 ne
811 942 970 992 turpiter
986 942 1159 991 facerem,
1181 945 1211 982 si

107 995 178 1034 hoc
197 997 391 1047 splendore
410 1003 446 1033 et
466 995 536 1033 hac
554 995 734 1046 dignitate
747 994 939 1032 hominem
958 995 1208 1035 defenderem.

108 1049 306 1100 Fingenda
331 1049 405 1087 fuit
431 1048 540 1095 mihi,
565 1046 723 1097 judices,
747 1060 858 1086 causa
882 1057 1070 1099 peracute,
1090 1057 1134 1087 ut
1158 1051 1206 1097 ei,

107 1115 223 1153 quem
248 1103 343 1141 mihi
365 1103 497 1140 debere
521 1109 718 1152 oporteret,
743 1114 811 1151 ego
833 1115 896 1140 me
923 1102 1050 1140 omnia
1074 1102 1209 1142 debere

107 1155 282 1194 dicerem.
314 1157 373 1193 At
397 1155 436 1192 id
454 1155 567 1193 etiam
584 1155 744 1205 gregarii
762 1155 899 1193 milites
918 1155 1061 1193 faciunt
1084 1155 1208 1206 inviti,

108 1215 152 1246 ut
180 1221 356 1247 coronam
380 1208 470 1246 dent
496 1208 666 1254 civicam,
687 1215 724 1245 et
751 1219 789 1245 se
813 1210 861 1246 ab
889 1208 1017 1259 aliquo
1045 1212 1206 1248 servatos

92 1264 186 1300 'esse
203 1261 414 1306 fateantur;
444 1274 520 1299 non
539 1274 615 1312 quo
634 1269 743 1312 turpe
757 1261 817 1307 sit,
830 1269 1040 1312 protectum
1058 1262 1098 1299 in
1113 1263 1205 1309 acie,

90 1315 273 1353 ¹hostium
297 1315 473 1353 manibus
498 1315 604 1365 eripi,
633 1317 739 1357 (nam
761 1314 801 1351 id
822 1315 998 1360 accidere,
1022 1315 1094 1352 nisi
1118 1316 1207 1354 forti

91 1368 200 1416 -viro,
221 1375 257 1406 et
275 1368 461 1420 pugnanti
484 1368 709 1414 comminus,
733 1380 809 1406 non
827 1375 992 1418 potest);
1021 1368 1085 1406 sed
1109 1382 1205 1407 onus

105 1422 275 1460 beneficii
298 1421 555 1469 reformidant,
587 1421 690 1472 quod
713 1433 964 1472 permagnum
990 1429 1058 1469 est,
1087 1422 1209 1460 alieno

104 1475 239 1513 debere
255 1475 371 1522 idem,
391 1475 493 1525 quod
511 1474 668 1526 parenti.

158 1527 258 1578 Ego,
279 1541 367 1566 cum
386 1528 508 1566 caeteri
522 1541 609 1566 vera
626 1527 817 1575 beneficia,
834 1528 948 1566 etiam
961 1528 1122 1577 minora,
1135 1529 1210 1567 dis-

105 1581 298 1629 simulent,
318 1594 366 1619 ne
379 1581 535 1632 obligati
553 1594 630 1619 esse
641 1581 862 1641 videantur-3
889 1594 932 1619 eo
950 1594 1013 1619 me
1030 1582 1209 1621 beneficio

105 1634 326 1672 obstrictum
339 1647 416 1672 esse
428 1635 621 1681 ementiar,
637 1635 698 1672 cui
713 1647 760 1672 ne
777 1634 904 1672 referri
918 1635 1073 1685 quidem
1091 1636 1213 1686 gratia

107 1698 215 1737 posse
232 1687 420 1725 videatur.
411 1689 428 1715 ⁹
448 1687 515 1725 An
527 1688 598 1725 hoc
609 1694 665 1734 tu,
682 1687 936 1733 Laterensis,
926 1700 1098 1738 lgnoras.
1089 1691 1106 1716 ’θ
1127 1690 1208 1739 qui,

107 1751 197 1777 cum
214 1739 310 1777 mihi
327 1752 421 1778 esses
439 1740 699 1788 amicissimus,
719 1753 807 1778 cum
826 1742 886 1778 vel
903 1741 1114 1801 periculum
1126 1742 1212 1780 vitae

108 1799 184 1830 tuae
202 1805 352 1830 mecum
371 1792 508 1831 sociare
525 1793 717 1840 voluisses,
730 1806 817 1831 cum
836 1806 898 1830 me
916 1793 956 1830 in
974 1794 1040 1830 illo
1059 1794 1154 1831 tristi
1173 1802 1211 1832 et

107 1846 239 1883 acerbo
256 1846 362 1883 luctu
380 1853 493 1898 atque
510 1847 687 1894 discessu,
700 1859 777 1884 non
788 1847 963 1897 lacrymis
977 1847 1099 1885 solum
1119 1847 1208 1893 tuis,

90 1911 92 1915 ’
106 1898 172 1936 sed
186 1898 326 1946 animo,
340 1899 504 1950 corpore,
517 1900 644 1950 copiis,
657 1907 874 1951 prosecutus
886 1912 996 1946 esses,
1005 1912 1093 1937 cum
1107 1912 1210 1938 meos

106 1951 242 1989 liberos
260 1959 296 1989 et
314 1964 485 1998 uxorem,
498 1965 561 1990 me
578 1954 744 2000 absente,
761 1953 836 1991 tuis
847 1953 980 2003 opibus
992 1952 1209 2003 auxilioque

107 2003 346 2051 defendisses,
366 2005 418 2043 sic
436 2018 585 2044 mecum
604 2019 750 2057 semper
769 2006 890 2056 egisti,
911 2014 947 2043 te
966 2005 1061 2042 mihi
1080 2006 1208 2043 remit-

89 2064 185 2094 .tere
202 2063 315 2108 atque
333 2058 544 2106 concedere,
560 2066 604 2096 ut
622 2072 734 2097 omne
752 2059 920 2096 studium
938 2071 1068 2096 meum
1082 2057 1122 2095 in
1134 2058 1206 2097 Cn.

106 2110 254 2147 Plancii
271 2111 452 2149 honorem
470 2123 742 2157 consumerem,
769 2111 871 2162 quod
891 2112 971 2160 ejus
990 2111 1029 2149 in
1047 2123 1110 2149 me
1127 2123 1207 2152 rne-

111 2161 225 2203 ritum
247 2163 315 2202 tibi
333 2164 445 2203 etiam
465 2172 618 2215 gratum
636 2178 714 2203 esse
732 2165 889 2203 dicebas.
