1425 2334
349 90 410 127 IN
434 89 745 128 VATINIUM.
777 92 880 127 mr.
909 90 966 126 Μ.
1129 88 1207 125 335

113 196 167 241 th,
187 195 403 246 turpissimo
420 195 704 246 miserrimoque
727 195 950 245 spectaculo,
976 207 1051 233 non
1070 195 1109 231 in
1131 206 1212 232 car-

112 260 248 296 cerem,
269 248 332 286 sed
351 248 399 286 ad
417 248 646 308 supplicium
665 255 702 285 et
720 248 768 285 ad
786 261 929 293 necem,
949 247 1175 286 duceretur?

163 301 319 349 Quaero,
335 313 429 339 num
448 302 532 361 quis
557 309 644 339 ante
662 308 698 338 te
718 309 795 338 tam
814 301 926 339 fuerit
944 301 1121 348 nefarius,
1142 299 1208 351 qui

109 353 149 391 id
166 354 324 393 fecerit?
352 362 398 392 ut
414 355 588 402 sciamus,
608 362 739 392 utrum
753 363 920 392 veterum
939 354 1148 392 facinorum
1161 353 1210 390 sis

110 407 289 454 imitator,
309 420 357 445 an
370 408 542 445 inventor
556 420 751 450 novorum.
782 408 966 458 Idemque
980 415 1022 444 tu
1035 420 1136 453 cum,
1151 406 1210 443 his

111 467 224 512 atque
242 461 462 510 hujusmodi
480 461 642 498 consiliis
660 473 702 498 ac
721 460 961 506 facinoribus,
992 461 1144 497 nomine
1163 459 1207 496 C.

113 513 284 560 Caesaris,
304 514 582 552 clementissimi
599 522 712 564 atque
730 514 864 564 optimi
878 514 960 559 viri,
978 513 1110 551 scelere
1125 525 1211 550 vero

111 574 224 617 atque
242 567 398 605 audacia
416 568 496 614 tuiz,
518 567 578 605 M.
595 567 782 605 Bibulum
800 567 894 614 foro,
910 567 1028 614 curia,
1044 566 1207 616 templis,

110 620 201 658 locis
230 621 389 671 publicis
418 620 607 667 omnibus,
641 620 859 670 expulisses,
886 620 1076 657 inclusum
1108 619 1211 656 domi

111 673 342 717 contineres;
364 686 540 724 cumque,
554 686 630 711 non
648 675 843 722 majestate
860 674 913 710 im
915 686 1021 723 pern,
1035 685 1110 710 non
1126 674 1212 721 jure

112 727 255 776 legum,
273 727 360 764 sed
346 739 474 776 Januae
487 727 658 777 praesidio
673 735 708 764 et
720 726 905 778 parietum
921 726 1110 772 custodiis,
1125 738 1212 763 con-

114 780 206 817 sulis
231 780 307 817 vita
339 787 548 830 tegeretur·
537 809 549 825 ,
584 780 776 818 miserisne
808 780 1002 825 viatorem,
1032 780 1098 830 qui
1130 777 1211 826 [Μ.

113 832 320 884 Bibulum]
341 833 454 871 domo
476 834 511 871 vi
537 833 759 879 extraheret,
786 840 843 880 ut,
871 833 973 884 quod
999 833 1038 869 in
1058 832 1139 882 priv
1143 832 1212 868 atis

113 898 261 936 semper
279 896 334 924 est
352 894 553 934 servatum,
584 886 636 932 id,
668 895 704 924 te
731 886 882 924 tribuno
910 886 1044 937 plebis,
1071 884 1215 923 consuli

112 938 247 978 domus
265 939 441 977 exsilium
457 952 533 977 esse
552 952 627 977 non
646 941 798 990 posset?
1192 958 1194 961 >

166 992 366 1043 Simulque
383 993 478 1030 mihi
497 993 716 1044 respondeto
735 1000 789 1036 tu,
805 992 871 1043 qui
882 1005 963 1038 nos,
977 992 1043 1043 qui
1056 991 1101 1029 de
1113 1003 1215 1028 com-

113 1045 221 1082 muni
240 1046 360 1083 salute
387 1047 650 1091 consentimus,
682 1054 860 1097 tyrannos
885 1058 1006 1090 vocas,
1037 1045 1213 1090 fuerisne,

113 1110 190 1136 non
209 1098 383 1136 tribu'nus
395 1099 528 1150 plebis,
550 1099 613 1137 sed
632 1099 900 1144 intolerandus,
915 1112 961 1136 ex
976 1111 1078 1135 coeno
1090 1097 1213 1134 nescio

115 1152 195 1202 qui,
215 1158 329 1202 atque
348 1165 394 1190 ex
413 1153 589 1198 tenebris,
616 1154 828 1213 tyrannus?
859 1152 925 1202 qui
943 1151 1111 1202 primum
1131 1163 1215 1188 eam

116 1205 402 1254 rempublicam,
433 1219 518 1256 quae
537 1206 710 1256 auspiciis
731 1205 892 1242 inventis
922 1205 1097 1242 constitu
1087 1217 1122 1241 a
1147 1211 1214 1249 est,

114 1258 247 1295 iisdem
275 1258 452 1308 auspiciis
471 1259 640 1306 sublatis,
671 1271 842 1296 conarere
868 1266 1053 1302 evertere3
1083 1255 1218 1294 deinde

114 1310 363 1348 sanctissimas
387 1311 450 1362 leg
452 1324 489 1349 es
509 1312 671 1354 (AEliam
691 1322 727 1349 et
742 1312 773 1349 F
778 1311 893 1348 ufiam
915 1311 1028 1357 dico),
1056 1323 1155 1360 quae,
1176 1309 1215 1345 in

116 1363 373 1402 Gracchorum
392 1364 593 1412 ferocitate,
615 1374 650 1402 et
669 1366 708 1402 in
727 1364 884 1402 audacia
904 1363 1110 1409 Saturnini,
1127 1371 1164 1400 et
1177 1362 1217 1399 in

114 1416 323 1454 colluvione
341 1417 472 1463 Drusi,
493 1425 530 1455 et
544 1418 583 1455 in
597 1425 728 1456 conten
734 1418 832 1455 tione
847 1417 1018 1468 Sulpicii,
1033 1424 1070 1454 et
1083 1416 1122 1452 in
1135 1429 1219 1453 cru-

115 1482 178 1507 ore
197 1470 384 1517 Cinnano,
405 1471 518 1508 etiam
536 1471 633 1509 inter
651 1472 809 1509 Sullana
823 1483 942 1518 arma,
959 1470 1147 1514 vixerunt,
1162 1481 1220 1506 so·-

114 1523 175 1560 lus
192 1523 433 1570 conculcaris,
453 1537 497 1562 ac
514 1537 582 1575 pro
605 1524 724 1562 nihilo
742 1523 908 1575 putaris3
940 1524 1006 1574 qui
1025 1522 1218 1560 consulem

114 1576 229 1613 morti
241 1577 431 1625 objeceris,
451 1578 639 1616 inclusum
656 1578 854 1623 obsederis,
871 1576 1065 1614 extrahere
1079 1589 1126 1614 ex
1141 1575 1218 1612 suis

117 1628 222 1666 tectis
251 1637 405 1667 conatus
436 1631 510 1675 sis3
541 1631 607 1682 qui
638 1631 678 1668 in
709 1643 752 1669 eo
770 1631 992 1681 magistratu
1011 1641 1087 1667 non
1106 1628 1219 1666 modo

118 1682 311 1720 emerseris
329 1694 376 1720 ex
393 1684 645 1730 mendicitate,
666 1683 731 1721 sed
750 1684 863 1722 etiam
889 1683 1029 1721 divitiis
1053 1694 1121 1718 nos
1136 1683 1219 1730 jam

119 1734 194 1772 tuis
216 1741 374 1773 terreas:
405 1735 568 1775 fuerisne
595 1737 701 1774 tanta
730 1737 961 1783 erudelitate,
994 1743 1038 1772 ut
1060 1734 1220 1772 delectos

118 1787 215 1825 viros
233 1795 271 1825 et
287 1788 473 1839 principes
496 1790 654 1829 civitatis
673 1789 802 1828 tollere
821 1797 857 1827 et
878 1789 1001 1826 delere
1020 1788 1086 1825 tu&
1112 1799 1219 1836 roga-

117 1840 218 1878 tione
236 1841 418 1879 conareris
435 1844 453 1880 ?

172 1893 224 1931 Χ.
245 1893 347 1932 Cum
363 1893 411 1932 L.
427 1894 616 1943 Vettium,
633 1896 699 1947 qui
713 1896 752 1933 in
765 1903 896 1933 senatu
910 1893 1098 1933 confessus
1111 1899 1219 1939 esset,

117 1958 157 1983 se
174 1958 261 1984 cum
280 1947 354 1985 telo
367 1946 495 1996 fuisse,
509 1948 580 1986 Cn.
595 1949 790 2000 Pompeio,
804 1960 954 1986 summo
969 1954 1005 1985 et
1017 1945 1222 1984 clarissimo

119 1998 204 2047 civi,
225 1999 302 2037 suis
319 2000 495 2038 manibus
514 2013 643 2039 necem
668 2003 798 2040 offerre
816 2001 990 2046 voluisse,
1016 1999 1055 2036 in
1075 1998 1220 2036 concio-

119 2062 207 2089 nem
225 2052 461 2103 produxeris,
480 2053 669 2092 indicem
659 2066 699 2092 m
715 2054 874 2101 Rostris,
895 2054 935 2091 in
953 2053 1058 2099 illo,
1048 2064 1220 2103 mquam,

118 2112 302 2155 augurato
321 2106 463 2158 templo
481 2119 525 2146 ac
542 2107 623 2146 loco
642 2107 847 2154 collocaris,
875 2118 965 2157 qu0,
996 2104 1224 2144 auctoritatis

118 2157 359 2209 exquirendae
372 2159 498 2207 causa,
512 2161 635 2198 caeteri
646 2161 787 2200 tribuni
801 2159 921 2210 plebis
935 2159 1120 2210 principes
1133 2157 1220 2195 civi·
