1425 2334
303 105 413 145 PRO
444 106 708 145 PLANCIO.
738 108 841 145 CAP.
872 109 909 143 2.
1079 106 1154 143 219

63 209 190 258 fldem,
210 211 491 259 eontinenoiam,
517 214 707 264 pietatem,
739 212 1003 261 innocentiam,
1033 218 1159 250 osten-

62 262 151 300 dero
166 276 178 308 3
207 263 301 302 nihil
326 264 373 303 de
401 265 512 317 poeniz
540 269 727 304 recusabo.
758 267 825 304 Sin
854 266 982 304 omnia
1012 266 1156 316 praesti-

63 323 154 361 tero,
173 329 260 368 quae
286 325 375 356 sunt
402 331 425 356 a
449 319 556 357 bonis
575 318 662 356 viris
685 319 960 370 exspectanda;
990 326 1116 369 petam
1135 332 1158 355 a

64 369 182 417 vobis,
198 370 354 419 judices,
373 379 430 418 ut,
451 373 558 421 cujus
583 373 836 410 misericordia
855 372 954 410 salus
972 384 1058 408 mea
1075 384 1159 408 cus-

65 422 182 460 todita
199 423 260 469 sit,
280 423 314 461 ei
337 437 402 462 vos
418 432 580 462 vestram
608 425 913 471 misericordiam,
943 437 1005 462 me
1030 425 1159 474 depre-

64 483 185 523 cante,
205 477 387 515 tribuatis.
429 477 620 529 Equidem
645 479 693 516 ad
711 479 872 530 reliquos
888 479 1046 523 labores,
1067 490 1160 527 quos

65 528 105 565 in
123 529 193 567 hac
209 531 322 568 caus&
340 532 499 580 majores
512 532 674 582 suscipio
687 545 804 582 quam
823 532 862 569 in
880 531 1033 577 caeteris,
1047 531 1161 568 etiam

66 581 164 620 hanc
181 583 392 621 molestiam
421 597 585 631 assumo,
614 586 717 635 quod
735 584 831 622 mihi
855 596 929 621 non
948 584 1073 622 solum
1092 595 1160 634 pro

66 634 138 672 Cn.
170 635 324 674 Plancio
351 636 553 675 dioendum
582 645 650 683 est,
677 639 785 686 cujus
809 651 877 688 ego
897 638 1061 675 salutem
1086 648 1162 673 non

67 701 185 737 secus,
204 701 248 727 ac
265 702 404 738 meam,
425 691 520 728 tueri
538 690 668 738 debeo,
685 691 748 728 sed
766 691 879 728 etiam
898 703 965 741 pro
983 703 1046 727 me
1063 689 1161 740 ipso,

67 741 114 779 de
132 754 209 792 quo
231 750 458 781 accusatores
480 744 591 795 plura
618 757 725 795 paene
748 756 865 795 quam
887 744 935 781 de
959 756 999 781 re
1026 754 1163 794 reoque

67 794 259 833 dixerunt.

122 848 180 886 ΙΙ.
209 849 471 901 Quamquam,
483 849 641 899 judices,
656 849 687 888 si
705 849 798 901 quid
816 857 871 888 est
887 850 927 887 in
946 861 1008 887 me
1018 849 1098 900 ipso
1113 848 1165 886 ita

68 901 350 952 reprehensum,
370 909 413 940 ut
430 903 470 940 id
488 905 535 941 ab
553 904 624 941 hoc
642 904 853 952 sejunctum
872 904 933 952 sit,
953 915 1029 940 non
1047 914 1109 940 me
1126 901 1166 938 id

67 966 294 1006 magnopere
324 958 546 994 conturbat:
582 969 657 994 non
686 956 788 994 enim
817 956 946 1004 timeo,
982 968 1044 1003 ne,
1075 954 1167 1006 quia

68 1020 218 1059 pei-nro
243 1009 340 1059 grati
367 1008 538 1048 homines
566 1009 810 1060 reperiantur,
829 1009 979 1056 idcirco,
999 1020 1087 1046 cum
1104 1020 1167 1045 me

69 1060 232 1100 nimium
246 1069 401 1112 gratum
419 1062 476 1100 illi
493 1075 572 1101 esse
590 1063 729 1109 dicant,
748 1062 788 1100 id
805 1062 901 1100 mihi
924 1061 1166 1100 criminosum

69 1127 149 1152 esse
165 1115 292 1166 possit.
321 1115 421 1163 Quae
433 1128 520 1154 vero
537 1116 591 1154 ita
608 1122 696 1154 sunt
709 1115 848 1166 agitata
865 1116 914 1153 ab
932 1114 1020 1162 iuis,
1040 1121 1084 1152 ut
1101 1121 1169 1152 aut

71 1167 206 1206 metita
221 1167 294 1207 Cn.
322 1169 468 1207 Plancii
496 1181 586 1219 erga
613 1181 676 1207 me
706 1169 854 1206 minora
880 1180 960 1206 oese
987 1166 1168 1215 dicerem,

69 1233 187 1272 quam
201 1233 223 1259 a
233 1233 297 1260 me
309 1222 391 1272 ipso
402 1221 711 1273 praediearentur3
730 1229 812 1268 aut,
823 1221 856 1260 si
867 1227 988 1260 essent
1000 1233 1167 1267 summa,

69 1281 249 1325 negarent
263 1287 310 1312 ea
327 1282 453 1312 tamen
470 1275 524 1313 ita
540 1275 671 1326 magni
698 1278 760 1319 (ut
780 1287 849 1326 ego
866 1280 1056 1326 putarem)
1074 1285 1170 1324 pon-

69 1325 168 1365 deris
185 1327 288 1379 apud
301 1340 366 1366 vos
383 1341 461 1366 esse
475 1328 611 1367 debere
623 1342 635 1374 ς
656 1329 736 1366 haec
749 1328 844 1366 mihi
855 1334 943 1365 sunt
959 1325 1168 1373 tractanda,

67 1380 228 1429 judices,
244 1388 285 1419 et
311 1381 470 1430 modice,
488 1393 537 1419 ne
552 1381 647 1433 quid
674 1381 754 1433 ipse
780 1380 992 1426 offendam3
1020 1387 1059 1418 et
1086 1386 1170 1417 tum

71 1432 248 1486 denique,
272 1446 362 1472 cum
389 1434 612 1486 respondero
639 1434 882 1479 criminibus;
911 1446 960 1472 ne
986 1444 1064 1471 non
1092 1439 1172 1470 tam

72 1486 285 1525 innocentia
300 1500 386 1526 reus
403 1490 485 1535 sua,
499 1499 616 1540 quam
627 1487 878 1527 recordatione
888 1499 1063 1525 meorum
1078 1492 1174 1524 tem--

74 1551 226 1590 porum,
234 1539 412 1581 defensus
430 1554 506 1579 esse
518 1540 698 1580 videatur.

129 1593 204 1631 Sed
221 1593 331 1643 mihi,
350 1594 390 1631 in
411 1595 523 1632 caus⁶a
540 1594 640 1632 facili
657 1602 771 1646 atque
788 1592 987 1645 explicata,
1009 1591 1175 1644 perdiffi-

76 1645 170 1694 cilis,
186 1646 344 1696 judices,
363 1654 402 1685 et
421 1647 567 1686 lubrica
587 1647 810 1686 defensionis
828 1647 923 1685 ratio
940 1646 1173 1698 proponitur.

81 1699 200 1747 Nam,
218 1699 251 1737 si
269 1700 532 1739 tantummodo
554 1701 651 1738 mihi
678 1712 825 1739 necesse
843 1706 936 1738 esset
952 1706 1082 1738 contra
1099 1699 1176 1736 La-

78 1758 262 1791 terensem
283 1752 418 1801 ffioeoe,
437 1760 564 1792 tamen
590 1753 631 1792 id
657 1754 783 1804 ipsum
811 1760 906 1792 esset
921 1753 963 1790 in
980 1759 1085 1790 tanto
1103 1764 1173 1789 usu

77 1811 205 1843 nostro
223 1805 403 1856 tanffique
425 1807 592 1845 amicitia
608 1807 824 1845 molestum.
852 1806 976 1846 vetus
996 1806 1096 1843 enim
1120 1811 1178 1842 est

77 1857 141 1895 lex
158 1857 225 1896 ina
251 1859 365 1908 justae
381 1872 552 1911 veraeque
569 1859 757 1907 amicitiae,
783 1872 870 1911 quae
892 1858 989 1897 mihi
1005 1871 1094 1897 eum
1111 1857 1178 1894 ino

76 1911 157 1960 jam
174 1910 242 1949 diu
260 1918 330 1959 est,
351 1919 394 1950 ut
409 1912 510 1950 idem
529 1913 640 1950 amici
653 1925 800 1964 semper
813 1913 952 1952 velint:
981 1924 1105 1963 neque
1123 1916 1178 1948 est

80 1964 205 2001 ullum
224 1964 358 2002 certius
375 1965 548 2004 amicitiae
565 1966 774 2014 vinculum,
794 1978 910 2019 qvam
929 1976 1128 2004 consensus
1141 1970 1179 2000 et

79 2016 232 2056 societas
246 2017 540 2057 consiliorum-et
557 2018 806 2057 voluntatum.
835 2018 939 2057 Mihi
957 2024 1083 2056 autem
1101 2027 1178 2053 non

81 2069 195 2108 modo
222 2079 278 2108 est
294 2070 334 2108 in
361 2071 432 2109 hac
449 2084 489 2109 re
507 2071 827 2119 molestissimum,
846 2078 975 2111 contra
994 2070 1104 2108 illum
1123 2068 1181 2106 ‹li-

80 2135 174 2172 cere,
194 2123 257 2162 aed
276 2124 397 2163 multo
414 2124 509 2163 illud
528 2124 661 2175 magis,
683 2125 785 2176 quod
802 2125 843 2163 in
862 2125 907 2163 εἳι
924 2123 1036 2163 causi
1050 2128 1179 2161 contra
