1455 2343
148 128 226 167 200
266 126 343 166 DE
375 126 617 166 HARUSP.
649 125 916 166 RESPONS.
945 119 1148 166 CA1=.13.'-

148 243 224 283 tur,
246 235 321 273 tuis
340 234 456 284 ludis,
476 248 552 274 non
572 248 675 283 voce,
703 235 768 274 sed
794 246 927 283 manu,
953 234 1091 273 liberos
1111 247 1134 273 a
1152 247 1191 273 se
1210 242 1268 274 se-·'

149 291 373 341 gregabant.

203 342 332 381 XIII.
361 343 425 381 Ne
450 343 522 382 hoc
549 343 705 394 quidem
729 343 800 382 tibi
823 343 864 382 in
890 349 1059 382 mentem
1078 342 1268 392 veniebat,

149 396 339 448 Sibyllino
357 397 551 444 sacerdoti,
564 398 645 435 haec
660 410 764 436 sacra
781 398 943 447 majores
961 404 1107 436 nostros
1125 409 1174 434 ex
1188 408 1271 435 ves-

149 450 218 489 tris
234 450 341 489 libris
361 452 547 502 expetisse
563 453 580 490 ?
611 451 641 489 si
660 451 717 489 illi
735 458 824 490 sunt
838 451 965 499 vestri,
985 464 1080 502 quos
1095 458 1137 489 tu
1148 450 1271 501 impia

150 512 279 543 mente
304 504 508 556 conquiris,
539 505 688 543 violatis
717 505 835 543 oculis
863 505 974 556 legis,
1005 503 1270 543 contaminatis

150 558 330 596 manibus
357 566 542 597 attrectas.
583 559 670 596 Hac
694 559 812 610 igitur
835 566 919 596 vate
946 558 1127 597 suadente
1147 570 1272 609 quon-

151 612 256 659 dam,
270 612 415 651 defessa
427 612 542 650 Italia
554 612 701 650 Punico
718 613 832 674 bello,
854 620 968 663 atque
986 614 1035 651 ab
1051 612 1273 650 Hannibale

152 666 303 713 vexata,
324 679 429 704 sacra
443 666 515 704 ista
533 666 695 715 majores
714 666 846 727 nostri,
859 665 1000 704 adscita
1018 679 1066 704 ex
1086 666 1271 717 Phrygia,

153 720 292 758 Romae
311 721 610 758 collocaverunt.
643 733 729 771 quae
743 720 800 758 vir
818 720 850 758 is
869 719 1024 770 accepit,
1045 719 1114 771 qui
1132 726 1188 757 est
1205 732 1273 771 op-

153 773 272 812 timus
291 774 424 825 populi
444 773 613 812 Romani
637 773 845 823 judicatus,
874 774 920 812 P.
947 772 1098 826 Scipio:
1128 772 1274 812 femina

154 834 298 874 autem,
308 841 395 879 quae
401 835 664 866 matronarum
676 827 883 866 castissima
893 829 1115 879 putabatur,
1124 826 1275 874 Quinta

153 881 343 927 Claudia;
373 882 482 931 cujus
500 881 664 942 priscam
682 881 790 919 illam
809 882 1045 920 severitatem
1062 879 1272 943 [sacrificii]

153 934 313 974 mirifice
331 942 398 973 tua
416 948 518 974 soror
537 935 774 974 existimatur
790 935 950 974 imitata.
980 935 1093 973 Nihil
1107 942 1144 972 te
1157 934 1275 985 igitur

155 1001 283 1040 neque
311 990 474 1039 majores
498 989 570 1038 tui,
597 989 788 1039 conjuncti
816 1002 906 1027 cum
928 989 988 1028 his
1013 989 1274 1049 religionibus,

157 1055 282 1094 neque
310 1043 597 1082 sacerdotium
587 1056 730 1095 ipsum,
758 1056 838 1094 quo
863 1050 920 1082 est
943 1043 1025 1081 haec
1045 1049 1125 1081 tota
1142 1041 1275 1094 1811310

158 1097 377 1145 constituta,
393 1109 518 1148 neque
536 1097 678 1135 curulis
697 1097 869 1145 aedilitas,
886 1110 973 1148 quae
990 1096 1159 1134 maxime
1177 1097 1277 1134 hanc

157 1150 257 1189 tueri
275 1151 496 1201 religionem
522 1151 628 1198 solet,
657 1151 858 1202 permovit,
886 1151 1092 1202 quominus
1116 1149 1277 1189 castissi-

157 1204 363 1253 mos-ludos
374 1204 480 1242 omni
492 1204 635 1256 flagitio
645 1205 847 1256 pollueres,
860 1204 1039 1243 dedecore
1052 1205 1276 1253 maculares,

160 1258 300 1296 scelere
318 1259 504 1309 obligares
519 1261 536 1297 ?

215 1311 291 1350 Sed
309 1312 404 1363 quid
429 1325 499 1363 ego
524 1312 565 1349 id
592 1312 758 1351 admiror
772 1314 790 1351 :³
819 1311 901 1363 qui,
922 1311 1074 1363 accepta
1099 1310 1276 1363 pecunia,

160 1365 430 1404 Pessinuntem
461 1366 605 1417 ipsum,
639 1365 767 1404 sedem
793 1365 1106 1417 domiciliumque
1138 1365 1278 1406 Matris

160 1418 350 1466 Deorum,
372 1419 543 1468 vastaris,
564 1426 601 1459 et
618 1420 820 1471 Brogitaro
848 1419 1098 1471 Gallograeeo,
1127 1419 1280 1470 impuro

161 1472 310 1510 homini
329 1485 372 1511 ac
389 1472 547 1521 nefario,
578 1475 704 1523 (cujus
720 1473 850 1524 legati,
869 1480 908 1511 te
925 1474 1092 1521 tribuno,
1113 1473 1281 1511 dividere

161 1526 204 1564 in
223 1526 303 1565 aede
322 1526 487 1565 Castoris
506 1527 582 1565 tuis
601 1527 723 1579 operis
744 1539 923 1565 nummos
942 1527 1128 1574 solebant)
1154 1533 1279 1565 totum

162 1580 276 1618 illum
294 1581 423 1619 locum
436 1580 648 1632 fanumque
658 1581 891 1620 vendideris:
914 1581 1145 1620 sacerdotem
1159 1582 1207 1619 ab
1221 1581 1281 1632 ip-

163 1634 214 1672 sis
233 1634 307 1672 aris
326 1634 668 1687 pulvinaribusque
684 1635 889 1673 detraxeris
906 1649 916 1672 :
946 1635 1075 1673 omnia
1091 1635 1172 1682 illa,
1193 1647 1282 1687 quae

163 1694 344 1735 vetustas,
366 1701 453 1739 quae
466 1688 605 1735 Persae,
626 1702 713 1740 quae
724 1688 824 1740 Syri,
841 1701 928 1740 quae
945 1701 1052 1739 reges
1068 1700 1201 1726 omnes
1213 1688 1282 1738 qui
1324 1709 1327 1712 ⁴

163 1740 365 1793 Europam
383 1742 601 1794 Asiamque
616 1749 833 1790 tenuerunt,
860 1755 1008 1794 semper
1027 1740 1179 1781 summa
1195 1741 1283 1780 reli-

164 1795 278 1846 gione
296 1795 507 1844 coluerunt,
527 1797 771 1847 perverteris:
792 1809 879 1848 quae
893 1796 1056 1847 denique
1069 1796 1187 1835 nostri
1199 1807 1283 1833 ma-

161 1849 263 1898 jores
281 1856 362 1887 tam
385 1856 513 1888 sancta
531 1850 737 1898 duxerunt,
753 1857 810 1898 ut,
831 1863 920 1888 cum
938 1850 1116 1888 refertam
1133 1849 1282 1888 Urbem

166 1909 283 1953 atque
303 1903 458 1941 Italiam
476 1903 654 1942 fanorum
672 1904 911 1951 haberemus,
925 1911 1053 1942 tamen
1072 1903 1191 1942 nostri
1207 1903 1282 1941 im·-

166 1963 361 2007 peratores
368 1956 548 1995 maximis
568 1965 606 1995 et
622 1957 946 2009 periculosissimis
961 1957 1071 1996 bellis
1087 1957 1179 1996 huic
1186 1956 1285 1996 Deae

167 2016 256 2048 vota
273 2010 453 2058 facerent,
477 2024 596 2062 eaque
613 2011 653 2049 in
671 2011 754 2062 ipso
773 2011 1012 2059 Pessinunte,
1032 2011 1082 2049 ad
1098 2011 1208 2048 illam
1223 2011 1286 2063 ip-

168 2076 252 2101 sam
269 2064 481 2116 principem
499 2077 619 2114 aram,
640 2072 676 2103 et
694 2065 734 2102 in
752 2064 819 2103 illo
842 2066 924 2103 loco
942 2065 1122 2117 fanoque,
1141 2064 1284 2116 persol-

171 2125 323 2156 verent.

225 2169 344 2221 Quod
358 2184 446 2210 eum
466 2171 676 2221 Deiotarus
690 2172 872 2224 religione
889 2172 960 2212 sua
977 2172 1187 2211 castissime·
1201 2177 1286 2210 tue-¹

169 2231 287 2274 retur,
308 2228 424 2276 quem
439 2239 561 2265 unum
580 2227 765 2266 habemus
780 2227 827 2265 in>
838 2229 928 2266 orbe
946 2235 1130 2266 terrarum
1149 2225 1287 2265 fidelis-
