1455 2343
196 82 278 121 204
318 81 396 122 DE
426 82 670 123 HARUSP.
700 82 968 124 RESPONS.
997 82 1104 123 CAP.
1129 83 1189 123 18.

196 198 237 230 et
255 197 292 228 te
309 189 437 242 ipsum
450 197 580 230 tamen
597 188 638 229 in
656 191 814 243 perjurii
830 204 983 244 poenam
1001 193 1050 230 ab
1068 191 1130 241 iis,
1153 190 1313 243 quibusa-

199 256 289 283 cum
308 245 528 293 conjurasti,
545 257 621 283 non
640 245 776 283 vocari.

253 298 308 336 Et
326 298 484 347 video,
474 312 514 336 m
541 299 788 350 haruspicum
813 299 999 350 responsis
1020 299 1102 338 haec
1123 311 1203 338 esse
1220 300 1312 337 sub-

193 353 342 403 juncta,
365 354 392 375 “
412 352 603 391 Sacrificia
620 359 782 398 vetusta,
808 352 1044 404 occultaque,
1070 352 1200 391 minus
1220 352 1311 390 dili-

197 413 329 458 genter
342 405 454 454 facta,
467 406 731 458 pollutaque.’'
751 405 984 457 Haruspices
994 406 1075 445 haec
1085 406 1311 457 loquuntur3‘

197 472 247 498 an
265 459 378 511 patrii
395 467 626 511 penatesque
641 459 708 497 Dii
721 462 739 498 t>
767 459 882 498 multi
900 459 1003 497 enim
1019 467 1121 508 sunt,
1134 460 1257 508 credo,
1273 459 1314 498 in

199 527 294 566 quos
323 514 440 564 hujus
471 513 648 551 maleficii
678 513 841 564 suspicio
869 513 989 552 cadat.
1031 513 1145 562 Quis,
1176 520 1313 565 praeter

198 566 302 606 hunc
315 579 439 605 unum
449 567 467 604 '1'
488 566 660 606 Obscure
674 566 825 615 dicitur,
838 580 925 618 quae
936 575 1039 605 sacra
1049 567 1197 618 polluta
1208 567 1282 605 sint
1293 569 1311 606 ?

195 621 306 669 Quid
323 621 488 672 planius,
509 620 603 672 quid
620 620 786 671 gravius,
801 620 895 671 quid
913 620 1137 671 religiosius,
1151 620 1225 659 dici
1242 634 1312 672 po-

197 681 271 714 test
289 677 306 714 ?
337 677 364 697 “
385 681 546 721 vetusta,
566 674 829 726 occultaque.''
859 675 971 725 Nego
981 674 1063 712 ulla
1076 676 1190 713 verba
1208 675 1312 712 Len-

196 729 340 775 tulum,
360 741 515 779 gravem
529 734 716 766 oratorem
735 740 778 766 ac
789 727 987 775 disertum,
1001 727 1153 779 saepius,
1169 739 1258 766 cum
1276 735 1313 767 te

195 790 399 829 accusaret,
420 782 636 833 usurpasse,
656 794 775 833 quam
792 781 888 828 haec,
904 794 992 833 quae
1002 793 1105 820 nunc
1117 794 1164 820 ex
1175 782 1315 820 Etrus-

195 836 248 874 cis
267 836 373 873 libris
397 835 437 873 in
463 843 500 874 te
524 848 702 873 conversa
726 842 841 887 atque
859 835 1103 886 interpretata
1121 835 1312 875 dicuntur.

194 889 354 928 Etenim
384 889 488 940 quod
518 889 742 927 sacrificium
767 896 847 927 tam
873 895 1066 927 vetustum
1095 896 1163 938 est,
1195 902 1314 940 quam

194 943 281 991 hoc,
314 943 417 994 quod
449 956 472 981 a
496 943 648 994 regibus
675 943 820 994 aequale
844 942 935 981 huie
961 942 1049 981 urbi
1071 943 1312 994 accepimus?

196 997 301 1048 quod
326 1004 455 1035 autem
480 1004 561 1035 tam
585 997 792 1045 occultum,
813 1008 931 1048 quam
956 995 1009 1045 id,
1036 996 1139 1048 quod
1157 1009 1234 1035 non
1253 1009 1316 1035 so-

193 1051 278 1089 lum
290 1051 454 1090 curiosos
465 1051 592 1089 oculos
607 1050 788 1098 excludit,
803 1050 868 1089 sed
881 1050 997 1088 etiam
1016 1053 1214 1090 errantes?
1235 1064 1314 1102 quo

193 1117 272 1143 non
297 1105 412 1143 modo
433 1104 672 1156 improbitas,
700 1104 766 1142 sed
787 1117 836 1143 ne
859 1103 1118 1155 imprudentia
1139 1104 1311 1156 quidem,

193 1158 312 1209 possit
330 1159 481 1197 intrare.
511 1158 629 1206 Quod
651 1153 808 1210 quidem
834 1157 1058 1197 sacrificium
1076 1170 1202 1205 nemo,
1223 1165 1312 1197 ante

193 1212 241 1250 P.
263 1212 458 1260 Clodium,
474 1212 580 1250 omni
599 1211 797 1260 memoria,
817 1211 984 1259 violavit,
1005 1224 1118 1250 nemo
1136 1225 1308 1263 unquam

193 1265 300 1312 adiit,
321 1277 434 1303 nemo
452 1266 634 1316 neglexit,
647 1277 760 1303 nemo
775 1265 831 1303 vir
847 1264 1038 1316 adspicere
1051 1277 1129 1303 non
1140 1265 1307 1304 horruit.

194 1319 299 1371 quod
317 1319 360 1357 fit
379 1332 446 1369 per
465 1319 628 1369 virgines
646 1319 840 1364 Vestales,
862 1319 905 1356 fit
923 1331 992 1369 pro
1009 1319 1153 1379 populo
1165 1320 1311 1357 Roma-

193 1384 273 1418 no3
303 1372 348 1410 fit
372 1373 413 1410 in
432 1385 476 1410 ea
501 1373 615 1410 domo
643 1386 730 1423 quae
755 1379 811 1410 est
834 1372 874 1410 in
896 1372 1083 1423 imperio·
1072 1400 1084 1418 ‚
1122 1371 1166 1410 fit
1190 1374 1313 1411 incre-

193 1401 304 1464 dibili
322 1426 563 1472 caerimonia3
585 1426 628 1464 fit
639 1426 674 1463 ei
685 1426 795 1472 Deae,
808 1426 917 1476 cujus
931 1437 980 1463 ne
997 1437 1137 1464 nomen
1155 1426 1312 1478 quidem

194 1479 295 1519 viros
325 1479 417 1518 seire
441 1479 499 1518 fas
525 1486 604 1525 est3
639 1493 758 1541 quarn
775 1479 846 1518 iste
869 1479 1006 1518 idcirco
1027 1479 1181 1518 Bonam
1205 1480 1310 1529 dicit,

197 1533 330 1585 quod
319 1546 360 1570 111
379 1540 485 1571 tanto
503 1533 575 1572 sibi
593 1534 729 1572 scelere
746 1533 943 1584 ignoverit.

250 1587 418 1625 XVIII.
447 1587 541 1625 Non
565 1587 724 1639 ignovit,
744 1586 841 1625 mihi
855 1586 977 1634 erede,
990 1598 1095 1625 non·
1125 1587 1198 1626 nisi
1217 1587 1314 1626 forte

195 1640 267 1679 tibi
284 1639 461 1691 ignotum
474 1648 601 1692 putas,
621 1640 725 1693 quod
739 1648 776 1679 te
791 1640 936 1689 judices
955 1640 1161 1679 emiserunt
1179 1654 1313 1680 excus-

198 1707 285 1733 sum
304 1701 341 1732 et
360 1693 615 1740 exhaustum3
645 1707 714 1733 suo
735 1693 894 1744 judicio,
914 1694 1159 1738 absolutum·
1189 1695 1314 1733 0111111

196 1760 280 1796 11111,
300 1747 624 1786 condemnatum·
612 1776 624 1794 ‚
654 1755 721 1786 aut
735 1747 838 1799 quod
852 1748 992 1795 oculos,
1006 1755 1050 1786 ut
1065 1748 1193 1800 opinio
1211 1748 1315 1788 illius

196 1801 388 1852 religionis
413 1807 482 1849 est,
514 1813 590 1839 non
614 1801 822 1853 perdidisti.
862 1801 961 1849 Quis
991 1801 1107 1850 enim,
1141 1809 1230 1841 ante
1260 1810 1312 1851 te,

197 1868 303 1893 sacra
313 1855 380 1892 ina
391 1854 448 1892 vir
466 1854 584 1892 sciens
598 1855 754 1902 viderat,
768 1862 812 1893 ut
825 1855 1029 1907 quisquam
1048 1868 1214 1906 poenam,
1227 1869 1316 1907 quae

198 1915 417 1959 sequeretur
435 1908 532 1946 illud
552 1909 685 1957 scelus,
701 1909 793 1947 scire
809 1916 934 1960 posset
949 1911 967 1947 ἓ
995 1909 1064 1946 An
1076 1908 1145 1947 tibi
1157 1909 1314 1948 luminis

198 1963 346 2001 obesset
374 1962 518 2000 caeeitas
549 1962 651 2013 plus,
685 1975 803 2013 quam
828 1961 996 2000 libidinis
1009 1964 1027 2000 ?
1065 1962 1130 2000 Ne
1157 1962 1198 2000 id
1228 1963 1316 2014 qui-

194 2015 286 2054 dem
308 2015 436 2063 sentis,
455 2015 695 2054 conniventes
716 2016 801 2053 illos
828 2016 956 2054 oculos
975 2015 1085 2054 abavi
1110 2016 1167 2053 tui
1192 2016 1316 2067 magis

197 2069 383 2120 optandos
407 2068 536 2117 fuisse,
560 2081 678 2120 quam
703 2069 772 2107 hos
795 2069 994 2120 flagrantes
1019 2069 1152 2107 sororis
1165 2071 1184 2108 ‚⁹
1220 2069 1315 2108 Tibi

199 2135 301 2173 vero,
322 2123 354 2162 si
373 2122 572 2176 diligenter
588 2122 802 2174 attenderis,
817 2123 1005 2177 intelliges
1015 2121 1217 2164 hominum
1236 2135 1316 2175 poe-
