1425 2334
375 83 488 122 PRO
515 78 712 120 SULLA.
742 77 846 116 CM».
876 79 912 113 5.
1139 75 1189 111 49

90 196 227 248 §assez
248 192 401 231 veritate
418 188 634 241 aperuisset,
654 183 916 235 magnitudine
934 181 1052 219 animi
1071 179 1194 217 vindi-

90 250 221 294 casset,
245 259 331 284 cum
351 246 431 295 ipse
449 243 543 280 nihil
565 240 714 278 audisse
732 238 779 275 de
798 238 843 274 P.
865 235 987 281 Sulla,
1013 233 1109 270 nihil
1127 245 1191 270 su-

90 302 275 353 spicatum
288 311 379 344 esse,
393 297 541 334 diceret.
571 293 645 332 Sed
657 304 725 342 ego
740 289 909 328 nondum
925 296 1010 326 utor
1021 287 1090 324 hac
1105 298 1193 324 voce

91 355 140 393 ad
163 355 266 392 hunc
292 349 594 390 defendendum:
625 346 673 384 ad
697 343 939 395 purgandum
964 354 1039 387 me,
1066 339 1191 390 potius

90 416 205 452 utor3
234 413 278 444 ut
295 404 425 442 mirari
443 403 663 452 Torquatus
685 397 845 444 desinat,
865 408 941 442 me,
963 394 1029 445 qui
1048 395 1194 430 Autro-

89 461 153 499 nio
171 459 372 503 abfuerim,
394 456 541 495 Sullam
560 451 769 491 defendere.

145 514 246 561 Quae
265 512 366 550 enim
388 508 570 548 Autronii
593 506 666 543 fuit
691 505 833 542 causa?
863 515 949 552 quae
967 500 1084 538 Sullae
1110 499 1194 536 est'?

94 568 168 606 Ille
186 566 350 604 ambitus
368 562 555 613 judicium
579 560 708 597 tollere
727 570 769 594 ac
791 556 999 593 disturbare
1024 553 1193 604 primum

91 620 252 659 conflato
270 617 390 656 voluit
407 615 659 667 gladiatorum
679 624 721 648 ac
734 609 982 660 fugitivorum
997 606 1166 644 tumultu
1181 618 1193 649 3

95 673 230 711 deinde
249 671 318 719 (id,
349 669 452 721 quod
476 668 640 706 vidimus
659 670 804 709 omnes)
830 661 1059 712 lapidatione
1081 667 1195 709 atque

96 739 294 765 concursu.
322 724 443 769 Sulla,
470 722 501 758 si
519 721 591 759 sibi
618 731 707 757 suus
731 716 853 767 pudor
875 727 917 751 ac
939 713 1100 763 dignitas
1122 723 1197 748 non

95 779 301 831 prodesset,
324 777 476 814 nullum
498 773 684 812 auxilium
708 767 911 820 requisivit.
942 767 1016 804 Ille
1040 766 1197 803 damna-

96 843 158 871 tus
175 833 229 870 ita
245 845 284 870 se
303 832 467 881 gerebat,
480 840 556 865 non
575 827 700 863 solum
719 821 880 861 consiliis
895 827 931 858 et
946 819 1197 865 sermonibus,

96 899 229 924 verum
248 885 362 923 etiam
386 882 564 933 adspectu
586 887 700 929 atque
718 876 842 921 vultu,
866 881 909 911 ut
926 873 1102 910 inimicus
1121 883 1198 908 esse

97 938 341 990 amplissimis
359 935 567 979 ordinibus,
582 932 742 969 infestus
758 928 868 966 bonis
880 926 1069 971 omnibus,
1082 923 1204 962 hostis

97 993 243 1044 patriae,
262 991 449 1030 videretur
465 1003 475 1025 ε
505 987 567 1024 hic
585 998 623 1023 se
641 985 694 1022 ita
717 983 880 1020 fractum
898 980 966 1016 illa
988 977 1200 1016 calamitate

95 1054 210 1097 atque
228 1044 411 1082 afflictum
430 1039 590 1093 putavit,
609 1045 654 1076 ut
672 1036 767 1074 nihil
786 1034 859 1071 sibi
877 1046 924 1071 ex
942 1031 1101 1083 pristina
1118 1030 1202 1080 dig-

96 1099 214 1136 nitate
240 1108 429 1148 superesse
448 1093 704 1139 arbitraretur,
728 1089 801 1127 nisi
820 1087 922 1138 quod
940 1083 1124 1123 modestia
1142 1095 1201 1120 re-

97 1159 280 1190 tmuisset.

150 1205 237 1243 Hac
255 1217 342 1242 vero
362 1203 403 1240 in
421 1199 691 1249 conjuratione,
719 1195 811 1248 quid
834 1202 911 1232 tam
935 1192 1196 1240 conjunctum,

97 1271 213 1310 quam
232 1258 296 1296 ille
325 1269 414 1294 cum
437 1253 616 1300 Catilina,
642 1263 731 1289 cum
756 1246 948 1286 Lentulo?
978 1246 1078 1292 Quae
1096 1251 1202 1281 tanta

97 1312 250 1350 societas
271 1310 360 1348 ullis
389 1310 486 1346 inter
511 1320 549 1345 se
576 1317 703 1343 rerum
728 1302 973 1353 optimarum,
1001 1304 1144 1349 quanta
1168 1295 1203 1333 ei

96 1378 187 1404 cum
205 1364 280 1402 illis
298 1362 458 1409 sceleris,
470 1359 652 1405 libidinis,
668 1355 864 1395 audaciae?
893 1352 996 1404 quod
1014 1350 1202 1400 flagitium

99 1418 289 1457 Lentulus
313 1428 389 1454 non
414 1427 502 1453 cum
531 1411 722 1450 Autronio
751 1406 949 1458 concepit?
979 1404 1095 1456 quod,
1122 1403 1203 1440 sine

98 1471 230 1510 eodem
259 1471 339 1518 illo,
371 1467 535 1507 Catilina
561 1465 707 1504 facinus
725 1460 905 1501 admisit?
935 1471 1023 1497 cum
1051 1455 1203 1494 interim

98 1525 208 1563 Sulla
236 1536 325 1562 cum
354 1521 495 1560 eisdem
517 1519 593 1557 illis
617 1531 693 1556 non
717 1515 831 1554 modo
859 1519 1008 1551 noctem
1031 1508 1204 1549 solitudi-

98 1591 263 1629 nemque
284 1588 359 1614 non
379 1580 576 1626 quaereret,
596 1572 661 1610 sed
685 1583 732 1608 ne
750 1566 928 1607 mediocri
953 1564 1107 1617 quidem
1127 1575 1204 1600 ser·

98 1644 212 1670 mone
230 1638 267 1668 et
285 1641 483 1679 congressu
496 1627 796 1676 conjungeretur.
828 1621 947 1658 Illum
959 1619 1202 1666 Allobroges,

98 1684 355 1722 maximarum
382 1693 509 1720 rerum
534 1677 718 1717 verissimi
745 1675 900 1721 indices,
923 1672 1036 1709 illum
1060 1670 1203 1707 multo-

100 1750 188 1775 rum
217 1737 335 1774 literae
357 1748 400 1772 ac
427 1733 566 1779 nuntii,
586 1736 857 1782 coarguerunt:
889 1725 1037 1765 Sullam
1062 1723 1205 1760 interea

101 1803 214 1828 nemo
225 1787 472 1834 insimulavit,
488 1798 600 1824 nemo
614 1782 834 1822 nominavit.
865 1780 1074 1823 Postremo,
1088 1776 1206 1825 ejecto

103 1843 182 1881 sive
201 1842 336 1881 emisso
362 1842 443 1890 jam
473 1852 520 1877 ex
544 1839 650 1877 Urbe
671 1835 851 1882 Catilina,
870 1833 935 1870 ille
957 1843 1063 1869 arma
1085 1827 1204 1875 misit,

103 1908 258 1943 cornua,
284 1896 408 1942 tubas,
433 1893 560 1939 falces,
587 1892 707 1942 signa,
732 1889 921 1939 legiones:
951 1884 1028 1931 ille,
1055 1882 1205 1920 relictus

101 1950 220 1995 intus,
251 1954 487 1998 exspectatus
510 1945 613 1992 foris,
641 1942 797 1981 Lentuli
821 1939 932 1991 poena
956 1946 1206 1986 compressus,

102 2002 287 2041 convertit
305 2014 344 2038 se
361 1998 565 2051 aliquando
579 1997 632 2035 ad
654 1997 844 2042 timorem,
864 2002 1063 2042 nunquam
1083 1987 1130 2026 ad
1149 2000 1207 2024 sa-

104 2056 286 2094 nitatem:
316 2053 390 2100 hic,
406 2060 548 2100 contra,
567 2051 621 2089 ita
634 2049 791 2102 quievit,
806 2055 851 2086 ut
864 2059 906 2084 eo
925 2052 1093 2094 tempore
1105 2038 1209 2078 omni

105 2108 271 2160 Neapoli
292 2106 418 2153 fuerit,
445 2105 512 2144 ubi
540 2117 662 2156 neque
690 2102 863 2141 homines
886 2098 1001 2136 fuisse
1025 2099 1208 2147 putantur

102 2162 219 2210 hujus
237 2160 367 2199 affines
390 2158 608 2209 suspicionis
627 2171 638 2202 ς
667 2164 704 2195 et
728 2156 831 2193 locus
857 2160 910 2190 cst
938 2151 1018 2201 ipse
1038 2154 1204 2185 nontam

161 2215 312 2265 (Orat.)
334 2225 436 2251 von.
462 2223 531 2249 111.
918 2216 940 2240 r
