1425 2334
241 88 357 130 PRO
375 86 606 130 'ARCHIA
637 91 842 131 POETA.
872 93 975 130 CAP.
997 94 1034 131 8.
1135 93 1188 131 85

85 192 289 248 profecto,
289 194 322 235 si
342 197 438 235 nihil
460 196 508 235 ad
526 197 804 249 percipiendam
824 198 1095 249 colendamque
1111 199 1190 236 vir-

85 258 205 289 tutem
235 251 351 289 literis
379 250 661 300 adjuvarentur,
691 264 889 303 nunquam
920 264 958 290 se
983 252 1031 289 ad
1057 265 1187 290 earum

82 300 252 342 studium
270 304 524 342 contulissent

134 357 250 404 Quod
269 356 299 394 si
317 369 393 395 non
415 357 476 394 hic
497 364 623 395 tantus
645 357 789 396 fructus
808 357 1075 403 ostenderetur,
1097 365 1134 395 et
1153 358 1183 395 si

81 420 127 448 ex
152 410 212 447 his
234 410 366 448 studiis
391 410 586 448 delectatio
615 412 693 449 sola
720 418 931 462 peteretur;
968 418 1094 448 tamen
1125 414 1186 453 (ut

77 463 227 514 opinor)
247 463 344 501 hanc
362 463 480 500 animi
495 462 791 515 [remissionem]
807 464 1120 501 humanissimam
1139 477 1183 501 ac

77 516 378 554 liberalissimam
393 517 620 565 judicaretis.
660 518 763 555 Nam
783 525 923 555 caeterae
947 530 1069 568 neque
1088 525 1184 554 tem-

77 579 214 620 porum
232 576 321 607 sunt
334 581 457 620 neque
475 577 628 607 aetatum
647 571 834 616 omnium,
847 583 970 620 neque
987 571 1180 608 locorum:

76 623 157 661 haec
174 622 298 660 studia
315 622 601 661 adolescentiam
623 622 789 674 [alunt,]
811 631 1040 661 senectutem
1059 624 1183 661 oblec-

76 683 171 723 tant,
191 675 371 714 secundas
393 689 449 713 res
470 684 618 723 ornant,
639 677 802 714 adversis
826 676 1042 727 perfugium
1062 689 1105 714 ac
1124 689 1183 714 so-

74 723 210 767 latium
228 730 409 779 praebent,
435 729 622 768 delectant
647 730 764 776 domi,
792 742 869 767 non
892 730 1106 780 impediunt
1124 729 1182 767 fo-

73 782 137 829 ris,
153 789 373 843 pernoctant
390 782 600 830 nobiscum,
621 784 919 833 peregrinantur,
940 782 1179 821 rusticamur.

71 835 190 882 Quod
209 836 240 873 si
257 835 330 886 ipsi
347 835 427 873 haec
445 848 567 886 neque
586 837 768 886 attingere
782 849 904 886 neque
924 848 1033 873 sensu
1052 843 1179 873 nostro

73 897 223 938 gustare
234 901 440 939 possemus,
457 896 584 926 tamen
604 903 647 927 ea
664 890 792 927 mirari
810 889 1043 937 deberemus,
1065 889 1178 927 etiam

72 954 162 979 cum
181 943 219 979 in
240 942 322 979 aliis
337 942 560 980 videremus.

118 995 241 1032 VIII.
263 995 362 1041 Quis
373 998 541 1032 nostrum
554 1002 632 1033 tam
644 996 770 1033 animo
783 995 918 1045 agresti
929 1009 970 1033 ac
982 995 1076 1033 duro
1088 995 1176 1042 fuit,

69 1054 116 1086 ut
134 1048 261 1086 Roscii
275 1055 395 1085 morte
413 1060 534 1098 nuper
552 1061 627 1086 non
647 1051 973 1087 commoveretur?
1003 1048 1069 1099 qui
1089 1062 1176 1086 cum

68 1109 165 1139 esset
176 1114 290 1139 senex
301 1108 487 1147 mortuus,
496 1109 636 1148 tamen,
644 1110 796 1152 propter
802 1103 1045 1139 excellentem
1057 1110 1176 1139 artem

68 1167 114 1192 ac
132 1161 380 1201 venustatem,
401 1154 598 1192 videbatur
612 1155 766 1192 omnino
781 1155 879 1191 mori
896 1167 970 1192 non
991 1155 1174 1193 debuisse.

70 1207 175 1258 Ergo
193 1208 258 1245 ille
275 1207 437 1258 corporis
451 1215 557 1245 motu
569 1215 718 1245 tantum
731 1220 897 1245 amorem
913 1208 983 1245 sibi
1002 1208 1177 1245 concilia-

65 1268 129 1299 rat
147 1274 169 1299 a
187 1260 294 1299 nobis
312 1261 513 1306 omnibus;
534 1273 602 1298 nos
615 1261 827 1298 animorum
847 1261 1080 1298 incredibiles
1093 1274 1176 1298 mo-

66 1321 131 1352 tus
150 1314 450 1365 celeritatemque
464 1314 701 1363 ingeniorum
720 1315 954 1364 negligemus
968 1317 985 1352 ‚⁹
1015 1314 1176 1360 Quoties

67 1380 138 1418 ego
149 1368 251 1405 hunc
261 1367 446 1405 Archiam
461 1368 551 1415 vidi,
569 1367 726 1417 judices,
743 1371 844 1410 (utar
856 1367 957 1405 enim
971 1368 1093 1405 vestra
1107 1369 1173 1405 be-

66 1421 264 1471 nignitate,
292 1421 472 1472 quoniam
491 1434 567 1467 me,
594 1421 634 1458 in
653 1421 724 1458 hoc
742 1433 839 1458 novo
857 1433 991 1470 genere
1009 1421 1172 1469 dicendi,

64 1481 147 1512 ¹tam
166 1474 363 1524 diligenter
381 1474 588 1521 attenditis)
608 1474 752 1525 quoties
772 1487 839 1524 ego
858 1474 959 1511 hunc
976 1473 1067 1521 vidi,
1084 1486 1171 1511 cum

66 1528 215 1565 literam
235 1527 440 1578 scripsisset
462 1527 623 1588 nullam,
644 1539 828 1577 magnum
851 1540 1054 1564 numerum
1073 1526 1172 1577 opti-

66 1593 218 1619 morum
236 1593 414 1618 versuum
432 1581 479 1618 de
496 1581 582 1618 his
572 1581 662 1631 lpsis
679 1583 791 1618 rebus
809 1593 894 1631 quae
912 1588 995 1618 tum
1016 1592 1172 1630 ageren-

66 1641 142 1680 tur,
171 1634 292 1671 dicere
311 1647 358 1671 ex
372 1634 564 1694 tempore'
595 1634 740 1695 quoties
761 1641 975 1672 revocatum
999 1633 1170 1671 eamdem

63 1700 145 1725 rem
164 1687 297 1734 dicere,
310 1687 550 1725 commutatis
560 1687 682 1725 verbis
700 1694 814 1738 atque
832 1686 1045 1725 sententiis!
1069 1686 1170 1733 Quae

64 1753 152 1778 vero
169 1747 338 1778 accurate
360 1740 593 1791 cogitateque
615 1740 829 1791 scripsisset,
852 1753 896 1778 ea
914 1740 964 1777 sic
986 1739 1064 1777 vidi
1081 1753 1170 1790 pro-

63 1793 159 1840 bari,
179 1800 223 1830 ut
244 1793 292 1830 ad
309 1800 479 1831 veterum
501 1793 724 1844 scriptorum
743 1793 896 1830 laudem
919 1793 1168 1843 pervenirent.

63 1847 182 1884 Hunc
199 1858 269 1896 ego
287 1858 362 1884 non
375 1846 532 1897 diligam
543 1849 560 1884 Ρ
589 1859 665 1884 non
677 1846 840 1884 admirer
856 1848 873 1884 Ρ
901 1857 978 1884 non
990 1846 1096 1883 omni
1110 1859 1170 1884 ra-

60 1899 163 1938 tione
180 1898 459 1937 defendendum
477 1906 608 1950 putem
623 1902 640 1938 ?

59 1978 63 1983 -
113 1951 240 2003 Atqui
253 1952 304 1990 sic
322 1965 345 1989 a
358 1953 515 1991 summis
529 1952 746 1991 hominibus
761 1951 1095 2002 eruditissimisque
1107 1964 1168 1989 ac-

28 2009 31 2012 ’
57 2006 242 2057 cepimus,
258 2012 475 2044 caeterarum
490 2019 615 2043 rerum
631 2006 767 2054 studia,
781 2013 817 2043 et
828 2006 1010 2052 doctrina,
1025 2012 1062 2042 et
1072 2018 1168 2055 prae-

56 2058 190 2110 ceptis,
209 2065 247 2096 et
265 2066 344 2096 arte
366 2066 560 2104 constare;
589 2063 738 2119 poetam
764 2059 902 2097 natura
928 2059 1011 2110 ipsa
1030 2058 1166 2104 valere,

53 2118 98 2150 et
125 2111 262 2150 mentis
283 2111 426 2150 viribus
454 2112 622 2160 excitari,
649 2120 686 2150 et
708 2113 816 2165 quasi
844 2112 972 2149 divino
1001 2110 1167 2162 quodam

55 2164 193 2217 spiritu
202 2164 338 2202 inflari.
366 2164 499 2212 Quare
510 2178 578 2205 suo
588 2167 673 2216 jure
685 2173 810 2205 noster
821 2166 885 2203 ille
896 2163 1047 2213 Ennius
1062 2175 1128 2202 san
1130 2175 1168 2200 c-

113 2218 265 2265 (Ornat)
297 2229 899 2257 vor.111.1
