1435 2328
159 50 209 87 68
428 48 540 88 PRO
572 48 772 89 SULLA.
802 50 909 88 Cu.
937 50 1002 87 25.

161 156 201 194 in
217 154 263 193 P.
284 155 433 194 Sullam
448 156 610 208 quaeris:
641 165 691 206 et,
707 156 739 194 si
753 156 919 195 furorem
931 154 1206 203 incredibilem,
1217 155 1279 195 bia

162 209 275 248 ennio
304 217 392 248 ante
421 217 659 262 conceptum,
694 211 862 262 erupisse
890 211 930 247 in
959 221 1046 248 meo
1078 209 1277 248 consulatu

164 262 309 314 scripsi,
328 275 392 302 me
409 264 481 302 hoc
499 264 775 302 demonstrasse
789 264 896 310 dicis,
910 264 1060 302 Sullam
1079 262 1119 300 in
1137 262 1206 301 illa
1218 262 1282 301 fu-

165 316 239 354 isse
258 317 448 367 superiore
468 318 735 367 conjuratione.
779 318 927 356 Scilicet
952 318 984 355 is
1008 329 1109 362 sum,
1130 316 1198 367 qui
1216 329 1285 354 ex-

164 370 347 418 istimem,
361 371 433 409 Cn.
448 371 642 416 Pisonem,
657 379 692 409 et
706 371 925 417 Catilinam,
940 378 977 408 et
985 370 1282 420 Vargunteium,

167 431 205 462 et
216 424 468 472 Autronium,
481 425 577 462 nihil
593 425 782 471 scelerate,
796 425 892 462 nihil
904 423 1119 470 audacter,
1109 436 1208 474 1psos
1219 435 1287 474 per

168 489 263 525 sese,
284 478 364 517 sine
383 479 429 517 Ρ.
451 479 574 525 Sulla,
595 478 715 517 facere
734 479 912 529 potuisse.
944 477 1005 515 De
1024 489 1100 529 quo
1119 477 1234 514 etiam
1253 476 1286 515 si

170 531 255 582 quis
269 531 479 570 dubitasset
497 540 622 579 antea,
642 544 737 570 num
758 532 827 579 (id,
849 532 952 583 quod
971 540 1013 569 tu
1026 531 1169 582 arguis)
1185 530 1288 581 cogi-

170 585 300 631 tasset,
310 585 504 624 interfecto
517 575 622 637 patre
635 593 714 631 tuo,
732 586 898 633 consule,
913 584 1135 623 descendere
1151 584 1290 622 Calen-

171 637 230 677 dis
248 638 444 677 Januariis
463 652 550 678 cum
569 639 791 677 lictoribus?
836 638 1030 677 sustulisti
1048 638 1146 676 hanc
1165 637 1291 688 suspi-

172 691 334 739 cionem,
366 706 454 731 cum
484 693 627 739 dixisti,
658 693 775 739 hunc,
805 700 849 730 ut
869 692 1075 731 Catilinam
1093 692 1288 729 consulem

175 745 350 792 efficeret,
372 755 500 784 contra
517 754 665 797 patrem
685 754 796 783 tuum
809 759 940 796 operas
961 754 997 783 et
1015 757 1174 783 manum
1187 757 1291 783 com-

176 797 338 849 parasse.
369 799 487 846 Quod
505 800 538 837 si
557 800 626 837 tibi
646 812 715 850 ego
735 799 925 846 confiteor,
947 807 988 836 tu
1000 798 1097 836 mihi
1111 798 1292 836 concedas

177 865 325 891 necesse
348 861 416 899 est,
447 853 564 901 hunc,
593 866 680 891 cum
701 853 876 891 Catilinae
895 853 1176 903 suffragaretur,
1196 851 1294 889 nihil

176 905 224 944 de
242 919 311 944 suo
330 907 542 953 consulatu,
559 920 674 958 quem
690 907 833 956 judicio
852 906 1041 952 amiserat,
1062 919 1128 957 per
1143 905 1221 943 vim
1236 917 1296 942 re-

177 960 394 1011 cuperando
424 961 672 1011 cogitavisse:
702 973 826 1011 neque
852 960 954 998 enim
973 960 1132 997 istorum
1151 959 1295 997 facino-

179 1027 269 1051 rum
297 1022 505 1061 tantorum,
538 1022 617 1052 tam
637 1014 835 1063 atrocium,
870 1014 1026 1062 crimen,
1053 1013 1215 1063 judices,
1248 1013 1294 1050 P.

181 1067 300 1106 Sullae
319 1081 478 1119 persona
497 1068 662 1119 suscipit.

234 1121 263 1159 J
266 1134 329 1159 am
349 1122 450 1159 enim
468 1122 620 1169 faciam,
641 1121 862 1160 criminibus
885 1121 1062 1159 omnibus
1081 1120 1158 1158 fere
1176 1119 1297 1158 disso-

180 1175 286 1222 lutis,
315 1178 461 1218 (contra
491 1183 605 1226 atque
632 1175 671 1212 in
702 1175 842 1213 caeteris
868 1175 989 1212 causis
1011 1174 1092 1212 fieri
1117 1174 1227 1218 solet)
1253 1180 1298 1211 ut

182 1240 285 1266 nunc
304 1228 468 1279 denique
487 1229 533 1266 de
553 1229 630 1266 vita
649 1229 814 1266 hominis
833 1241 876 1266 ac
897 1228 944 1266 de
971 1228 1141 1266 moribus
1159 1227 1296 1265 dicam.

183 1281 340 1320 Etenim
361 1282 408 1320 de
426 1282 612 1333 principio
640 1282 785 1320 studuit
811 1282 962 1320 animus
981 1294 1172 1319 occurrere
1190 1294 1299 1332 mag-

185 1335 351 1374 nitudini
370 1336 551 1383 criminis,
566 1336 775 1374 satisfacere
795 1335 1061 1387 exspectationi
1072 1335 1300 1382 hominum;

186 1388 235 1426 de
253 1401 316 1426 me
335 1389 481 1440 aliquid
499 1389 594 1440 ipso,
616 1390 683 1441 qui
695 1397 888 1428 accusatus
901 1402 1017 1435 eram,
1032 1389 1177 1427 dicere:
1198 1400 1302 1426 nunc

185 1443 267 1491 jam
286 1443 484 1480 revocandi
504 1443 590 1480 estis
611 1456 667 1488 eo,
690 1456 766 1494 quo
785 1456 850 1481 vos
864 1443 946 1494 ipsa
965 1456 1089 1489 causa,
1111 1442 1225 1480 etiam
1244 1450 1302 1480 ta-

188 1504 295 1534 cente
313 1509 390 1542 me,
411 1496 509 1547 cogit
529 1497 675 1535 animos
694 1505 917 1548 mentesque
936 1504 1160 1534 convertere.

243 1549 381 1588 XXV.
411 1549 605 1588 Omnibus
625 1551 664 1587 in
684 1552 810 1597 rebus,
829 1550 989 1599 judices,
1010 1563 1097 1602 quae
1115 1549 1303 1600 graviores

190 1604 429 1654 majoresque
448 1612 551 1651 sunt,
566 1604 659 1655 quid
674 1604 835 1655 quisque
850 1604 1024 1650 voluerit,
1038 1603 1224 1654 cogitarit,
1237 1602 1305 1640 ad-

191 1656 351 1704 miserit,
373 1669 449 1695 non
469 1670 515 1695 ex
532 1658 702 1704 crimine,
723 1657 788 1696 sed
808 1671 855 1696 ex
873 1658 1044 1695 moribus
1063 1658 1144 1706 ejus
1158 1657 1225 1708 qui
1244 1669 1305 1694 ar·-

193 1710 338 1761 guitur,
359 1719 414 1748 est
431 1711 732 1762 ponderandum.
774 1711 913 1762 Neque
932 1711 1034 1749 enim
1059 1719 1183 1762 potest
1201 1710 1307 1761 quis-

193 1776 312 1815 quam
331 1768 503 1802 nostrum
519 1765 641 1803 subito
657 1765 763 1815 fingi,
777 1777 901 1816 neque
913 1766 1139 1816 cujusquam
1153 1771 1308 1815 repente

194 1817 273 1855 vita
289 1818 445 1863 mutari,
466 1826 531 1856 aut
549 1827 686 1857 natura
700 1819 876 1856 converti.
907 1818 1193 1869 Circumspicite
1211 1830 1308 1868 pau-

195 1871 310 1921 lisper
327 1871 519 1910 mentibus
531 1886 554 1909 1·
556 1873 661 1910 estris
675 1877 735 1914 (ut
746 1872 820 1910 alia
833 1872 1073 1918 omittamus)
1089 1871 1219 1909 hosce
1209 1883 1309 1922 ipsos

196 1923 384 1971 homines,
415 1925 482 1976 qui
510 1925 600 1964 huic
628 1925 757 1964 affines
782 1926 909 1964 sceleri
938 1925 1104 1963 fuerunt.
1146 1924 1311 1963 Catilina

197 1985 327 2016 contra
337 1979 613 2029 rempublicam
629 1979 849 2029 conjuravit.
881 1979 1002 2028 Cujus
1018 1991 1126 2016 aures
1138 1990 1310 2030 unquam

197 2031 270 2071 hoc
287 2039 514 2083 respuerunt
533 2040 711 2071 conatum
730 2045 810 2071 esse
826 2033 1037 2079 hominem,
1049 2045 1171 2083 usque
1182 2044 1311 2083 apue-

198 2085 286 2124 ritia
303 2097 380 2124 non
405 2086 531 2125 solum
555 2086 847 2138 intemperantia
872 2093 909 2124 et
927 2087 1077 2134 scelere,
1103 2085 1170 2124 sed
1197 2085 1313 2124 etiam

199 2138 469 2180 consuetudine
482 2147 518 2179 et
537 2140 677 2190 studio,
690 2140 731 2179 in
745 2140 850 2179 omni
868 2139 1026 2192 flagitio,
1038 2147 1183 2192 stupro,
1196 2137 1311 2185 caede,
