1425 2334
345 111 457 150 PRO
486 111 711 151 SEXTIO.
743 112 846 150 Cn.
870 112 932 150 41.
1115 113 1194 150 299

85 229 184 256 unus
202 231 249 256 ex
268 218 444 257 omnibus
455 219 600 257 civibus
613 218 760 256 videtur
775 231 814 256 re
827 219 1009 264 docuisse,
1026 230 1101 256 non
1115 231 1196 256 ver-

84 271 154 317 bis,
183 270 276 322 quid
302 279 490 322 oporteret
515 286 538 310 a
564 272 881 323 praestantissimis
901 272 989 309 viris
1016 272 1054 308 in
1080 285 1193 323 repu-

83 324 181 362 blica
199 325 294 371 fieri,
315 332 352 362 et
371 325 465 376 quid
489 337 638 364 necesse
658 333 751 363 esset
767 340 776 363 :
807 333 975 375 oportere.
994 326 1193 363 hominum

82 377 298 425 audacium,
328 391 543 416 eversorum
565 378 795 429 reipublicae,
824 379 964 425 sceleri,
992 379 1138 428 legibus
1158 386 1195 416 et

78 430 230 478 judiciis
257 431 451 469 resistere:
483 432 514 470 si
536 433 636 482 leges
653 444 730 470 non
751 433 929 480 valerent,
951 432 1093 480 judicia
1117 444 1192 469 non

83 492 232 529 essent;
262 484 293 522 si
311 485 524 536 respublica
543 486 594 534 vi,
620 497 880 536 consensuque
899 484 1115 530 audacium,
1136 498 1196 522 ar-

83 537 156 574 mis
183 549 360 588 oppressa
386 546 602 583 teneretur;
634 538 809 590 praesidio
837 548 874 576 et
898 538 1015 589 copiis
1045 538 1196 575 defendi

83 590 202 628 vitam
214 599 250 629 et
261 591 474 630 libertatem
489 604 636 630 necesse
648 605 736 630 esse.
767 591 854 629 Hoc
868 592 1019 638 sentire,
1032 590 1198 642 pruden-

81 643 144 681 tiae
158 652 237 683 est:
258 644 393 692 facere,
409 645 664 684 fortitudinis:
691 654 728 684 et
751 645 887 684 sentire
905 657 992 683 vero
1007 653 1044 682 et
1059 644 1195 691 facere,

81 697 254 747 perfectae
272 699 551 750 cumulataeque
569 699 730 737 virtutis.

134 750 247 788 Adiit
265 751 313 788 ad
330 752 606 802 rempublicam
632 751 807 790 tribunus
825 752 960 803 plebis,
992 751 1118 789 Milo:
1149 750 1196 788 de

82 804 191 853 cujus
209 804 322 842 laude
340 805 452 855 plura
469 805 607 853 dicam,
632 817 707 844 non
732 818 809 857 quo
832 812 899 843 aut
922 806 1003 856 ipse
1019 803 1101 842 haec
1120 804 1194 841 dici

81 869 198 907 quam
218 857 424 896 existimari
448 859 569 905 malit,
591 866 658 896 aut
676 871 744 910 ego
762 859 866 896 hunc
882 858 1006 896 laudis
1025 857 1194 895 fructum

80 911 255 960 praesenti
281 911 441 950 libenter
465 912 695 963 impertiam,
724 912 930 963 praesertim
962 923 1050 950 cum
1073 910 1196 948 verbis

82 964 259 1015 consequi
278 976 354 1002 non
372 966 535 1016 possim;
566 965 631 1004 sed
649 965 752 1016 quod
771 965 962 1013 existimo,
983 964 1015 1001 si
1035 963 1195 1001 Milonis

82 1029 249 1065 causam,
277 1019 500 1057 accusatoris
522 1032 625 1067 voce,
653 1019 906 1057 collaudatam
934 1017 1110 1068 probaro,
1131 1029 1198 1054 vos

82 1069 123 1107 in
153 1070 224 1108 hoc
250 1071 406 1109 crimine
428 1085 559 1122 parem
580 1072 700 1110 Sextii
726 1085 878 1110 causam
905 1070 1196 1108 existimaturos.

83 1122 195 1161 Adiit
213 1123 329 1174 igitur
354 1125 404 1162 T.
424 1125 579 1162 Annius
598 1125 646 1163 ad
665 1137 817 1163 causam
836 1124 1067 1175 reipublicae,
1084 1123 1135 1161 sic
1154 1130 1197 1160 ut

84 1176 204 1214 civem
236 1177 368 1228 patriae
404 1190 622 1229 recuperare
649 1178 762 1217 vellet
798 1185 983 1228 ereptum.
1024 1176 1198 1227 Simplex

85 1242 211 1276 causa,
242 1237 414 1268 constans
444 1231 553 1278 ratio,
584 1232 699 1282 plena
728 1230 980 1269 consensionis
1009 1231 1197 1274 omnium,

86 1282 200 1333 plena
217 1283 435 1321 concordiae.
465 1284 639 1334 Collegas
654 1284 843 1333 adjutores
857 1284 1020 1321 habebat
1035 1297 1045 1320 z
1066 1294 1200 1321 consu·

85 1336 132 1374 lis
151 1335 303 1374 alterius
321 1349 519 1374 summum
544 1337 729 1385 studium,
753 1337 907 1375 alterius
926 1337 1076 1374 animus
1093 1348 1201 1387 paene

86 1389 268 1440 placatus.
308 1389 371 1428 De
391 1390 614 1441 praetoribus
639 1403 741 1429 unus
765 1391 936 1428 alienus:
968 1392 1118 1427 senatus
1143 1389 1202 1426 in-

88 1442 275 1480 credibilis
293 1443 492 1482 voluntas:
522 1444 696 1495 equitum
723 1444 988 1482 Romanorum
1011 1443 1130 1481 animi
1152 1442 1200 1480 ad

87 1507 240 1533 causam
260 1497 436 1542 excitati3
468 1505 590 1536 erecta
609 1497 734 1536 Italia.
774 1497 866 1534 Duo
891 1497 960 1535 soli
985 1504 1091 1534 erant
1109 1496 1201 1533 emti

90 1548 139 1585 ad
163 1549 473 1600 impediendum:
504 1551 572 1602 qui
597 1551 642 1599 si,
666 1551 840 1589 homines
862 1550 1026 1601 despecti
1054 1556 1091 1587 et
1112 1561 1200 1587 con-

90 1602 212 1650 temti,
233 1610 379 1641 tantam
397 1616 478 1641 rem
498 1604 682 1642 sustinere
699 1616 774 1641 non
795 1603 1029 1655 potuissent3
1060 1616 1098 1641 se
1113 1615 1203 1641 cau-

90 1666 187 1701 sam,
208 1668 325 1706 quam
340 1665 568 1708 susceperat,
582 1658 691 1695 nullo
705 1659 835 1695 labore
846 1664 1088 1708 peracturum
1100 1655 1203 1693 vide-

89 1708 168 1744 bat.
196 1709 352 1759 Agebat
364 1711 583 1748 auctoritate
597 1724 610 1756 ς
631 1713 766 1761 agebat
779 1711 959 1755 consilio;
982 1711 1117 1760 agebat
1134 1721 1202 1759 per

90 1773 287 1798 summum
305 1762 501 1808 ordinem;
521 1766 658 1814 agebat
671 1765 846 1815 exemplo
864 1766 1052 1802 bonorum
1071 1769 1108 1799 et
1125 1763 1203 1799 for·-

90 1813 188 1850 tium
207 1814 358 1852 civium.
388 1815 496 1863 Quid
514 1817 720 1868 republica,
742 1817 835 1868 quid
854 1829 893 1854 se
911 1817 1072 1867 dignum
1092 1821 1201 1859 esset,

91 1867 178 1916 quis
189 1866 269 1917 ipse
283 1875 390 1915 esset,
406 1869 499 1919 quid
517 1883 677 1921 sperare,
691 1871 784 1922 quid
802 1871 1009 1918 majoribus
1029 1868 1104 1906 suis
1119 1867 1204 1905 red·

92 1919 179 1957 dere
196 1920 360 1968 deberet,
381 1922 665 1973 diligentissime
683 1924 875 1974 cogitarat.

147 1973 262 2010 XLI.
296 1974 401 2012 Huic
418 1977 592 2026 gravitati
610 1977 789 2023 hominis,
809 1976 961 2014 videbat
978 1975 1042 2013 ille
1060 1973 1205 2025 gladia-

93 2033 164 2072 tor,
186 2039 238 2075 se,
259 2026 290 2063 si
308 2029 477 2067 moribus
499 2037 637 2079 ageret,
661 2043 790 2081 parem
809 2041 974 2067 essenon
993 2040 1125 2078 posse:
1150 2026 1205 2068 ¹ad

94 2079 251 2125 sermm,
277 2080 326 2117 ad
345 2081 458 2129 faces,
489 2083 537 2120 ad
556 2083 816 2134 quotidianam
843 2082 998 2128 caedem,
1017 2080 1204 2124 incendia,

94 2132 260 2182 rapinas,
287 2146 327 2171 se
349 2147 436 2172 cum
461 2136 626 2174 exercitu
649 2150 718 2174 suo
741 2135 925 2174 contulit:
957 2135 1115 2172 domum
1137 2146 1205 2183 op-

96 2197 281 2234 pugnare,
302 2187 499 2226 itineribus
518 2201 722 2235 occurrere,
751 2189 787 2226 vi
805 2189 982 2226 lacessere
1001 2194 1037 2225 et
1055 2194 1205 2232 terrere,
