1425 2334
306 93 420 133 PRO
449 92 619 133 DOMO
648 92 769 132 SUA.
799 92 904 130 CAP.
939 92 998 129 14.
1130 90 1201 129 141

110 211 199 237 nem
217 200 407 250 pontificio
422 201 508 249 jure
526 213 604 238 esse
623 198 758 236 factam
775 212 784 235 ε
816 198 999 248 primum,
1020 198 1122 249 quod
1152 198 1212 236 hae

110 260 241 290 vestrae
272 261 358 291 sunt
377 262 517 300 aetates,
537 261 582 290 ut
612 252 657 299 is,
677 252 744 302 qui
774 259 810 289 te
829 251 1034 302 adoptavit,
1054 252 1113 289 vel
1143 251 1212 289 filii

113 305 182 342 tibi
200 306 281 344 loco
299 319 365 358 per
384 314 531 344 aetatem
551 317 629 344 esse
646 305 834 356 potuerit;
865 305 924 342 vel
944 317 1000 350 eo,
1015 317 1090 354 quo
1109 304 1183 342 fuit
1199 319 1209 342 τ

109 357 258 405 deinde,
285 359 387 411 quod
416 372 527 398 causa
554 358 672 410 quaeri
697 359 788 396 solet
814 357 1031 407 adoptandi,
1059 365 1102 394 ut
1127 365 1163 394 et
1181 357 1213 395 is

111 410 276 462 adoptet,
308 413 388 463 qui,
416 412 517 463 quod
540 412 675 449 natura
696 412 777 460 jam
803 410 951 461 assequi
980 422 1055 447 non
1074 418 1209 460 potest,

111 471 148 501 et
166 465 334 514 legitimo
353 473 389 503 et
406 465 596 516 pontificio
611 466 696 513 jure
722 471 890 514 quaerat3
921 471 957 501 et
974 463 1027 500 ita
1045 463 1210 513 adoptet,

110 525 154 555 ut
171 530 218 554 ne
247 518 338 568 quid
357 526 423 556 aut
445 519 491 556 de
517 518 698 568 dignitate
720 529 914 567 generum,
935 524 1001 553 aut
1026 515 1072 552 de
1091 529 1211 553 sacro-

109 582 194 607 rum
228 571 421 621 religione,
451 571 667 609 minuatur:
699 569 795 607 illud
820 569 858 605 in
888 569 1035 620 primiS,
1065 581 1112 606 ne
1134 582 1211 619 qua

109 623 313 671 calumnia,
344 637 392 662 ne
421 637 497 675 qua
522 624 638 669 fraus,
659 635 706 660 ne
731 623 815 673 quis
833 622 940 659 dolus
959 621 1209 667 adhibeatur;

107 683 153 713 ut
163 676 243 714 haec
261 678 438 715 simulata
449 677 599 727 adoptio
614 676 683 713 filii
697 688 813 726 quam
831 675 998 712 maxime
1017 675 1212 712 veritatem

108 729 214 766 illam
235 730 554 781 suscipiendorum
581 730 786 767 liberorum
810 727 957 765 imitata
981 741 1058 766 esse
1087 728 1212 766 videa-

111 789 185 819 tur.

163 835 263 882 Quae
280 837 402 885 major
425 836 615 874 calumnia
633 842 700 883 est,
721 846 838 885 quam
857 834 983 872 venire
1000 834 1209 872 imberbem

108 888 441 936 adolescentulum,
462 891 556 927 bene
575 889 761 926 valentem
781 900 823 925 ac
840 887 1047 932 maritum;
1076 887 1211 935 dicere,

108 940 232 978 filium
252 949 458 979 senatorem
477 943 608 992 populi
622 941 788 979 Romani
807 940 878 978 sibi
892 940 987 978 velle
1006 940 1208 990 adoptare;

108 993 148 1031 id
167 1002 293 1032 autem
313 995 405 1032 scire
424 1003 460 1032 et
478 995 602 1032 videre
621 1006 765 1039 omnes,
786 1005 860 1030 non
891 1000 934 1030 ut
952 993 1016 1030 ille
1034 993 1135 1030 filius
1153 993 1212 1029 in-

109 1046 298 1094 stituatur,
319 1047 383 1085 sed
407 1055 452 1085 ut
471 1060 491 1084 e
508 1047 672 1098 patriciis
691 1053 812 1092 exeat,
843 1053 879 1082 et
896 1047 1069 1083 tribunus
1093 1045 1214 1096 plebis

109 1099 190 1137 fieri
221 1100 352 1150 possit,
385 1100 521 1138 idcirco
561 1099 731 1150 adoptari
747 1101 764 1137 ?
802 1111 925 1149 neque
956 1099 995 1136 id
1028 1100 1209 1145 obscure3

110 1164 199 1190 nam
218 1153 438 1204 adoptatum
458 1152 687 1203 emancipari
705 1152 847 1198 statim,
868 1164 916 1188 ne
931 1151 977 1189 sit
996 1153 1076 1200 ejus
1094 1150 1210 1200 filius,

109 1205 176 1256 qui
205 1205 403 1256 adoptarit.
433 1206 513 1244 Cur
543 1218 630 1256 ergo
658 1204 886 1255 adoptatur?
914 1206 1068 1255 probate
1092 1216 1211 1254 genus

107 1258 342 1309 adoptionis:
369 1260 452 1308 jam
480 1259 653 1297 omnium
682 1270 785 1295 sacra
803 1257 1024 1304 interierint,
1046 1270 1210 1308 quorum

109 1311 280 1349 custodes
299 1325 364 1350 vos
382 1325 461 1350 esse
486 1312 653 1357 debetis3
682 1311 861 1362 patricius
887 1323 998 1348 nemo
1023 1311 1214 1361 relinque-

107 1371 181 1402 tur.
211 1364 292 1403 Cur
317 1365 418 1403 enim
444 1366 647 1417 quisquam
676 1364 779 1411 velit,
800 1364 997 1402 tribunum
1024 1364 1145 1414 plebis
1174 1378 1213 1402 se

107 1416 188 1455 fieri
216 1430 291 1456 non
317 1419 459 1457 licere?
500 1418 754 1469 angustiorem
783 1417 854 1455 sibi
883 1430 960 1455 esse
990 1417 1212 1468 petitionem

107 1471 321 1509 consulatus
338 1474 355 1510 ?
383 1471 423 1509 in
448 1471 695 1510 sacerdotium
714 1483 801 1508 cum
827 1471 943 1520 possit
961 1470 1100 1518 venire,
1121 1471 1213 1521 quia

107 1524 264 1574 patricio
282 1537 358 1563 non
387 1525 435 1562 sit
455 1524 526 1577 [is]
546 1526 664 1573 locus,
696 1536 771 1561 non
803 1524 964 1562 venire?
994 1524 1050 1561 Ut
1075 1524 1212 1574 cuique

111 1577 257 1628 aliquid
275 1578 462 1627 acciderit,
473 1592 589 1629 quare
600 1576 834 1616 commodius
846 1577 894 1614 sit
912 1590 990 1615 esse
1004 1577 1211 1628 plebeium,

107 1629 221 1667 simili
239 1631 381 1669 ratione
399 1632 649 1682 adoptabitur.

162 1684 225 1720 Ita
242 1685 405 1735 populus
431 1685 645 1732 Romanus,
666 1686 771 1723 brevi
796 1692 977 1736 tempore,
1005 1696 1129 1735 neque
1151 1697 1209 1722 re-

108 1747 196 1785 gem
217 1749 419 1782 sacrorum,
447 1750 569 1789 neque
588 1738 773 1786 flamines,
794 1751 862 1776 nec
882 1738 1016 1784 Salios,
1042 1737 1210 1784 habebit,

112 1800 180 1826 nec
199 1801 245 1826 ex
263 1798 368 1840 parte
386 1791 544 1829 dimidia
562 1792 725 1842 reliquos
744 1791 963 1838 sacerdotes,
984 1803 1106 1841 neque
1124 1803 1205 1828 auc-

110 1849 207 1879 tores
226 1843 519 1882 centuriatorum
547 1852 584 1882 et
602 1845 831 1882 curiatorum
852 1844 1115 1882 comitiorum:
1144 1856 1214 1880 au-

108 1894 299 1945 spiciaque
334 1897 465 1946 populi
502 1898 682 1944 Romani,
721 1898 750 1935 si
794 1897 1034 1947 magistratus
1066 1896 1212 1946 patricii

108 1948 221 1985 creati
239 1960 314 1985 non
345 1949 431 1996 sint,
458 1950 641 1988 intereant
668 1963 814 1988 necesse
843 1958 911 1996 est,
940 1963 1027 1987 cum
1051 1950 1214 1986 interrex

108 2001 238 2038 nullus
256 2001 317 2048 sit,
338 2002 441 2052 quod
459 2010 496 2040 et
514 2003 640 2053 ipsum
664 2004 864 2054 patricium
883 2015 976 2049 esse,
997 2010 1033 2040 et
1058 2015 1081 2039 a
1098 2001 1215 2051 patri-

107 2053 165 2091 cio
194 2053 316 2104 prodi,
342 2067 489 2093 necesse
507 2064 573 2094 est.
603 2056 699 2093 Dixi
728 2056 831 2107 apud
863 2056 1073 2106 pontifices,
1102 2055 1212 2091 istam

108 2106 362 2157 adoptionem,
388 2108 494 2146 nullo
521 2109 667 2147 decreto
690 2109 806 2157 hujus
830 2108 979 2158 collegii
1001 2109 1214 2158 probatam,

106 2167 234 2198 contra
252 2172 364 2198 onme
383 2161 616 2212 pontificium
640 2163 704 2210 jus
729 2161 882 2209 factam,
910 2173 979 2211 pro
998 2160 1118 2198 nihilo
1138 2172 1217 2198 esse
