1455 2343
201 69 282 108 216
356 64 434 105 DE
455 62 702 104 HARUSP.
723 60 995 102 RESPONS.
1013 60 1122 113 CAP-
1141 62 1208 100 28.

193 175 348 224 leviora,
376 178 608 218 moverunt3
637 182 712 210 vox
729 170 812 222 ipsa
831 169 1005 208 Deorum
1033 168 1313 208 immortalium

193 242 271 268 non
299 235 448 267 mentes
474 225 650 265 omnium
678 223 914 276 permovebit
927 225 945 261 ?
975 222 1109 261 Nolite
1140 222 1243 261 enim
1271 222 1313 260 id

193 290 330 335 putare
348 280 514 320 accidere
538 291 662 330 posse,
690 277 794 329 quod
822 277 863 314 in
885 276 1026 314 fabulis
1054 288 1154 327 saepe
1178 275 1314 314 videtis

194 336 290 384 fieri,
306 342 351 374 ut
364 335 472 373 Deus
483 332 636 384 aliquis,
651 332 782 382 lapsus
796 330 843 368 de
855 330 961 377 coelo,
974 336 1095 368 coetus
1108 329 1312 367 hominum·

195 390 319 438 adeat,
341 394 509 427 versetur
523 387 564 424 in
579 384 701 433 terris,
715 397 804 422 cum
821 383 1043 422 hominibus
1062 382 1313 434 colloquatur.

195 443 370 495 Cogitate
388 453 510 493 genus
535 439 677 478 sonitus
697 439 792 487 ejus,
810 449 930 489 quem
956 436 1195 475 Latinienses
1213 448 1315 475 nun-

195 497 367 542 tiarunt3
395 491 645 533 recordamini
662 491 760 530 illud
788 491 917 539 etiam,
938 489 1042 542 quod
1066 489 1240 528 nondum
1259 496 1316 528 est

197 551 378 598 relatum,
410 546 513 599 quod
543 546 676 585 eodem
706 545 785 583 fere
806 551 977 595 tempore
1000 543 1124 582 factus
1151 543 1193 581 in
1221 555 1316 595 agro

198 604 340 643 Piceno
373 600 560 640 Potentiae
588 598 788 636 nuntiatur
815 604 925 636 terrae
955 604 1082 635 motus
1109 596 1316 646 horribilis,

167 694 170 697 .
200 671 290 697 cum
319 654 552 708 quibusdam
582 651 716 690 multis
745 650 1036 702 metuendisque
1067 651 1205 689 rebus:
1234 650 1317 690 haec

200 711 333 750 eadem
351 708 531 760 profecto,
553 719 641 758 quae
659 706 791 743 futura
808 703 1073 756 prospicimus,
1092 703 1318 755 impenden-

202 766 256 804 tia
266 761 548 816 pertimescetis.
576 758 736 798 Etenim
750 758 833 797 haec
846 757 1021 797 Deorum
1039 757 1317 796 immortalium

202 832 292 867 voit,
312 817 394 855 haec
412 827 521 867 paene
540 813 674 862 oratio,
684 811 894 863 judicanda
911 818 980 860 est,
995 823 1085 849 cum
1102 810 1184 863 ipse
1200 823 1319 850 mun-

202 873 289 920 dus,
310 883 400 909 cum
418 869 497 917 aer,
521 874 637 919 atque
655 873 777 913 terrae,
797 872 907 904 motu
926 865 1094 917 quodam
1111 877 1210 904 novo
1229 876 1320 904 eon-

203 925 439 971 tremiscunt,
461 929 498 961 et
518 920 699 959 inusitato
724 918 872 972 aliquid
893 931 998 968 sono,
1016 918 1319 970 incredibilique,

203 978 428 1033 praedicunt.
458 976 509 1014 In
527 987 605 1027 quo
629 972 902 1013 constituendae
927 971 1037 1011 nobis
1055 972 1212 1024 quidem
1229 979 1322 1011 sunt

205 1031 500 1087 procurationes,
528 1035 566 1067 et
593 1027 812 1076 obsecratio,
839 1025 1166 1078 quemadmodum
1187 1038 1320 1065 mone-

208 1100 309 1127 mur.
339 1084 415 1123 Sed
429 1083 556 1122 faciles
574 1088 664 1120 sunt
682 1094 809 1133 preces
828 1080 932 1132 apud
951 1093 1026 1128 eos,
1046 1077 1114 1132 qui
1131 1080 1233 1119 ultro
1250 1092 1321 1118 no-

208 1141 268 1181 bis
285 1139 389 1178 viam
408 1136 539 1176 salutis
564 1135 792 1174 ostendunt:
822 1140 959 1174 nostrae
979 1134 1090 1174 nobis
1116 1140 1206 1174 sunt
1222 1133 1321 1173 inter

210 1208 279 1236 nos
297 1193 362 1231 irae
380 1190 650 1242 discordiaeque
666 1187 874 1242 placandae.
