1425 2334
336 94 447 133 PRO
477 93 645 133 DOMO
673 92 793 133 SUA.
823 92 927 130 Cn.
961 93 1019 129 13.
1151 90 1225 126 139

119 200 327 251 municipia.
347 200 585 251 coloniasque
603 200 717 237 adiit.
748 199 810 236 hic
831 198 951 236 Italiae
978 197 1092 234 totius
1110 195 1220 233 auxi-

119 253 217 291 lium
246 254 430 305 cupientis
459 254 696 303 imploravit:
727 251 788 290 hic
819 251 858 288 in
888 258 1017 289 senatu
1047 250 1219 300 princeps

120 307 314 344 sententiae
341 306 438 344 fuit.
469 306 646 357 idemque
675 318 762 343 cum
796 305 963 349 dixisset,
990 311 1072 340 tum
1105 301 1219 340 etiam

122 372 191 410 pro
209 360 329 398 salute
348 372 432 397 mea
451 360 636 410 populum
656 360 875 397 Romanum
894 356 1109 395 obsecravit.

175 412 329 460 Quare
319 420 429 451 istam
441 412 662 457 orationem,
679 425 756 462 qua
769 424 806 449 es
825 424 930 455 usus,
946 410 1098 447 omittas
1116 408 1216 453 licet,

121 473 206 516 post
234 466 339 503 illam
371 465 607 526 sententiam,
638 477 753 516 quam
781 464 950 501 dixeram
978 462 1024 500 de
1053 473 1217 521 annona,

120 519 343 569 pontificum
362 519 508 557 animos
529 532 607 556 esse
624 525 812 564 mutatos.
843 516 1010 567 perinde,
1031 515 1138 566 quasi
1157 513 1219 551 isti

120 579 187 609 aut
205 572 251 609 de
270 573 340 610 Cn.
364 572 546 623 Pompeio
564 572 684 618 aliter,
705 579 817 622 atque
840 583 909 620 ego
928 569 1114 613 existimo,
1136 580 1219 604 sen-

119 624 242 669 tiant;
272 633 351 671 aut,
371 625 463 676 quid
482 624 591 671 mihi,
611 637 679 675 pro
698 623 970 675 exspectatione
987 621 1119 672 populi
1138 621 1218 658 Ro-

120 679 238 724 mani,
258 691 326 729 pro
345 678 416 715 Cn.
442 677 613 728 Pompeii
632 678 772 714 meritis
791 690 878 726 erga
895 689 969 721 me,
989 688 1058 726 pro
1076 674 1219 711 ratione

118 731 194 768 mei
213 731 404 782 temporis,
420 731 634 768 faciendum
650 730 776 775 fuerit,
792 730 986 779 ignorent:
1009 735 1075 765 aut
1089 727 1218 786 etiarn,

118 783 150 821 si
181 785 289 832 cujus
319 784 413 822 forte
443 784 629 834 pontificis
655 784 825 820 animum
864 781 982 832 (quod
1014 788 1113 819 certo
1142 779 1217 817 scio

118 836 225 874 aliter
244 846 338 884 esse)
359 850 442 875 mea
461 837 642 875 sententia
659 836 827 881 offendit,
844 835 916 872 alio
934 835 1047 872 modo
1066 834 1114 871 sit
1131 845 1219 870 con-

120 890 335 935 stituturus,
355 898 422 927 aut
442 890 489 927 de
508 890 685 940 religione
703 888 939 949 pontificum,
959 895 1026 924 aut
1044 887 1090 924 de
1108 899 1220 936 repu-

121 943 234 988 blica,
253 956 368 994 quam
388 956 476 981 eum
490 950 556 980 aut
570 942 867 981 caerimoniarum
884 942 961 990 jus,
981 947 1047 977 aut
1065 938 1222 977 civitatis

121 996 236 1041 salus,
256 996 428 1046 coegerit.

177 1049 367 1099 Intelligo‚
387 1050 594 1100 pontifices,
618 1062 680 1086 me
698 1049 808 1099 plura
835 1055 941 1085 extra
966 1059 1117 1085 causam
1136 1045 1222 1082 dix-

122 1101 207 1148 isse,
233 1115 350 1152 quam
380 1110 447 1139 aut
474 1103 601 1153 opinio
631 1103 780 1147 tulerat,
811 1108 877 1138 aut
906 1100 1079 1138 voluntas
1108 1111 1220 1136 mea·

123 1154 202 1202 sed,
235 1167 323 1192 cum
354 1168 416 1192 me
440 1163 645 1205 purgatum
678 1155 782 1192 vobis
815 1166 892 1191 esse
916 1165 1106 1203 cuperem,
1137 1159 1221 1189 tum

121 1207 235 1245 etiam
255 1215 376 1245 vestra
393 1208 432 1245 in
455 1221 517 1245 me
535 1215 675 1246 attente
697 1207 882 1244 audiendo
900 1205 1110 1255 benignitas
1135 1217 1222 1255 pro-

121 1260 224 1298 vexit
241 1261 447 1299 orationem
469 1274 607 1299 meam.
637 1260 711 1299 Sed
730 1261 800 1298 hoc
827 1260 1076 1310 compensabo
1100 1257 1222 1295 brevi-

121 1319 197 1351 tate
216 1314 297 1362 ejus
315 1314 504 1361 orationis,
531 1327 616 1365 quae
641 1313 802 1365 pertinet
825 1312 874 1350 ad
901 1313 1022 1363 ipsam
1042 1311 1222 1361 cognitio-

126 1378 214 1404 nem
238 1375 423 1404 vestram:
454 1381 540 1418 quae
564 1380 652 1405 cum
679 1366 726 1404 sit
754 1366 792 1403 in
813 1367 876 1414 jus
899 1364 1088 1415 religionis
1117 1371 1154 1401 et
1182 1364 1222 1401 in

118 1420 182 1468 jus
218 1420 432 1471 reipublicae
463 1420 675 1464 distributa,
714 1418 903 1470 religionis
937 1424 1098 1468 partem,
1136 1430 1222 1467 quae

121 1473 244 1510 multo
271 1481 326 1511 est
357 1473 558 1521 verbosior,
585 1473 885 1524 praetermittens,
919 1471 965 1508 de
986 1471 1071 1519 jure
1095 1470 1222 1521 reipu-

121 1526 230 1564 blicae
248 1526 382 1564 dicam.
412 1527 520 1574 Quid
538 1534 592 1565 est
607 1526 708 1564 enim
720 1533 786 1563 aut
804 1532 881 1562 tam
899 1536 1091 1584 arrogans,
1105 1536 1222 1574 quam

122 1578 170 1617 de
198 1579 389 1630 religione,
426 1580 473 1617 de
501 1582 613 1618 rebus
645 1579 794 1625 divinis,
825 1577 1060 1624 caerimoniis,
1095 1576 1220 1623 sacris,

123 1632 345 1682 pontificum
369 1633 570 1694 collegium
595 1632 724 1670 docere
748 1631 900 1675 conari3
930 1637 997 1668 aut
1021 1637 1100 1667 tam
1127 1630 1223 1666 stul-

124 1692 222 1731 tum,
253 1698 384 1736 quam,
410 1686 441 1723 si
459 1686 544 1736 quis
573 1685 701 1737 quid
691 1698 730 1722 1n
750 1685 878 1722 vestris
895 1683 1001 1721 libris
1025 1683 1223 1731 invenerit,

124 1737 165 1774 id
186 1750 335 1776 narrare
366 1739 496 1785 vobis3
525 1746 592 1776 aut
610 1745 689 1776 tam
708 1738 911 1783 curiosum,
932 1749 1048 1787 quam
1071 1749 1115 1773 ea
1133 1736 1225 1773 scire

128 1790 237 1837 velle,
258 1791 304 1829 de
322 1792 461 1842 quibus
489 1793 649 1841 majores
671 1791 787 1830 nostri
816 1804 881 1829 vos
907 1791 1003 1828 solos
1021 1796 1058 1827 et
1082 1789 1226 1826 consuli

125 1851 163 1880 et
181 1843 271 1882 scire
290 1845 523 1883 voluerunt?

177 1896 302 1934 XIII.
335 1897 444 1948 Nego
475 1897 653 1949 potuisse,
681 1898 766 1946 jure
794 1897 960 1948 publico,
990 1895 1137 1956 legibus
1163 1895 1223 1941 115,

123 1949 263 2000 quibus
294 1950 376 1988 haec
405 1950 533 1989 civitas
562 1951 696 1996 utitur,
727 1962 960 2000 quemquam
989 1949 1108 1986 civem
1145 1948 1226 1984 ulla

124 2002 310 2051 ejusmodi
329 2003 540 2041 calamitate
559 2003 670 2051 affici,
691 2003 769 2041 sine
784 2003 938 2052 judicio.
969 2002 1084 2039 Hoc'
1071 2001 1166 2049 Juris
1184 2000 1225 2036 in

122 2055 194 2093 hac
211 2055 374 2102 civitate,
394 2056 508 2094 etiam
527 2064 625 2102 tum,
652 2069 741 2094 cum
770 2068 875 2105 reges
894 2063 1028 2099 essent,
1050 2053 1133 2091 dico
1164 2053 1226 2089 fu-

121 2109 218 2153 isse;
247 2109 318 2147 hoc
336 2109 444 2147 nobis
463 2122 540 2147 esse
557 2123 579 2147 a
597 2109 804 2158 majoribus
823 2108 1004 2146 traditum
1019 2120 1030 2151 ;
1060 2106 1131 2143 hoc
1149 2117 1227 2143 esse

121 2161 285 2213 denique
302 2161 498 2214 proprium
526 2162 654 2202 liberae
672 2160 845 2209 civitatis,
866 2168 909 2199 ut
927 2159 1022 2198 nihil
1041 2159 1087 2197 de
1105 2158 1226 2210 capite
