1435 2328
505 438 635 486 PRO
670 438 724 486 L.
761 436 1033 486 FLACCO.

267 556 303 596 Ϊ.
332 557 456 607 CUM,
475 559 515 597 in
537 559 718 597 maximis
740 558 917 610 periculis
941 559 1058 608 hujus
1082 556 1188 596 urbis
1211 565 1327 609 atque

213 611 378 664 imperii,
399 614 620 664 gravissimo
635 622 749 665 atque
768 613 1007 651 acerbissimo
1026 612 1244 664 reipublicae
1267 626 1327 650 ca-

213 679 273 713 su,
298 668 396 706 socio
411 675 526 719 atque
544 668 715 717 adjutore
734 667 975 705 consiliorum
994 667 1328 757 periculorumqpie

212 732 384 759 meorum
419 722 466 759 L.
489 722 638 768 Flacco,
660 721 801 759 caedem
828 735 851 758 a
869 721 989 769 vobis,
1018 720 1259 771 conjugibus,

212 775 312 813 beris
342 775 485 822 vestris,
510 776 724 814 vastitatem
751 788 773 813 a
803 775 969 825 templis,
1001 774 1182 820 delubris,
1216 775 1325 820 urbe,

213 828 331 866 Italia
350 829 586 880 depellebam
601 843 613 874 ς
640 831 851 880 sperabam,
865 829 1024 878 judices,
1037 828 1190 866 honoris
1200 828 1329 878 potius

214 882 263 920 L.
286 883 412 921 Flacci
430 896 493 921 me
511 883 724 932 adjutorem
744 883 934 929 futurum,
955 895 1072 934 quam
1088 882 1327 920 miseriarum

213 935 506 988 deprecatorem.
536 937 654 984 Quod
666 937 768 974 enim
781 944 876 975 esset
893 936 1098 987 praemium
1116 935 1326 986 dignitatis,

214 990 318 1041 quod
336 992 502 1041 populus
522 992 737 1037 Romanus,
759 1004 848 1028 cum
867 990 983 1039 hujus
1002 990 1212 1039 majoribus
1231 1002 1329 1027 sem-

214 1057 283 1095 per
294 1044 502 1092 detulisset,
516 1045 606 1082 huic
621 1045 847 1095 denegaret;
879 1057 968 1082 cum
987 1044 1035 1081 L.
1051 1044 1211 1082 Flaccus
1229 1051 1332 1082 vete-

214 1111 297 1136 rem
309 1099 476 1137 Valeriae
495 1099 618 1150 gentis
636 1099 676 1136 in
695 1098 893 1136 liberanda
912 1098 1036 1149 patria
1051 1098 1221 1145 laudem,
1241 1110 1330 1148 pro-

212 1165 263 1203 pe
285 1152 589 1203 quingentesimo
611 1165 711 1190 anno
737 1152 969 1203 reipublicae,
993 1152 1209 1190 retulisset?
1238 1151 1328 1199 Sed,

213 1206 245 1243 si
264 1206 360 1244 forte
379 1207 585 1258 aliquando
604 1216 671 1244 aut
688 1207 860 1244 beneficii
878 1206 995 1255 hujus
1009 1208 1249 1252 obtrectator,
1265 1212 1333 1243 aut

212 1259 364 1298 virtutis
381 1261 513 1308 hostis,
534 1268 600 1299 aut
617 1261 741 1298 laudis
759 1260 924 1307 invidus,
946 1259 1172 1305 exstitisset3
1203 1258 1333 1298 existi-

211 1316 382 1363 mabam,
393 1314 441 1352 L.
452 1315 588 1353 Flacco
599 1315 858 1352 multitudinis
868 1315 995 1365 potius
1009 1313 1209 1365 imperitae,
1222 1313 1332 1352 nullo

212 1374 343 1406 tamen
361 1381 450 1407 cum
469 1369 650 1421 periculo,
671 1382 788 1420 quam
808 1368 1172 1420 sapientissimorum
1201 1374 1239 1406 et
1256 1367 1332 1406 lec-

212 1422 447 1460 tissimorum
467 1423 649 1471 virorum,
668 1423 857 1472 judicium
877 1436 955 1461 esse
974 1422 1230 1460 subeundum.
1259 1422 1333 1459 Et-

212 1475 332 1525 enim,
352 1477 492 1528 quibus
510 1477 725 1515 auctoribus
737 1484 774 1515 et
788 1477 1046 1515 defensoribus
1058 1476 1233 1514 omnium
1245 1482 1331 1514 tum

214 1530 317 1568 salus
335 1538 431 1569 esset
444 1543 520 1569 non
540 1531 681 1570 civium
700 1531 839 1579 solum,
859 1544 993 1571 verum
1006 1531 1120 1569 etiam
1139 1530 1329 1581 gentium,

213 1582 370 1622 defensa
387 1598 431 1623 ac
449 1592 605 1632 retenta,
627 1585 818 1623 neminem
839 1597 1012 1636 unquam
1031 1584 1165 1636 putavi
1183 1597 1250 1635 per
1269 1597 1331 1622 eos

214 1637 317 1689 ipsos
331 1639 545 1690 periculum
564 1639 681 1689 hujus
699 1639 862 1677 fortunis
876 1647 991 1690 atque
1009 1638 1165 1677 insidias
1184 1644 1330 1676 creatu-

211 1704 314 1729 rum.
345 1692 462 1740 Quod
476 1694 508 1731 si
523 1701 618 1731 esset
636 1693 841 1744 aliquando
859 1693 1051 1741 futurum,
1072 1699 1116 1730 ut
1134 1692 1272 1743 aliquis
1284 1692 1331 1730 de

213 1745 264 1783 L.
286 1746 414 1785 Flacci
432 1747 596 1798 pernicie
615 1748 815 1798 cogitaret3
846 1759 1045 1798 nunquam
1060 1754 1189 1784 tamen
1201 1746 1331 1784 existi-

211 1799 331 1847 mavi,
348 1801 510 1850 judices,
531 1801 584 1838 D.
607 1801 787 1849 Laelium,
802 1801 938 1852 optimi
950 1801 1020 1838 viri
1031 1801 1171 1849 filium,
1185 1800 1333 1851 optima

214 1851 344 1904 ipsum
363 1868 428 1906 spe
446 1855 652 1907 praeditum
672 1869 834 1894 summae
852 1855 1062 1906 dignitatis,
1079 1867 1163 1893 eam
1179 1867 1332 1906 suscep-

212 1914 346 1946 turum
365 1910 656 1957 accusationem,
673 1923 759 1961 quae
774 1909 1038 1948 sceleratorum
1051 1908 1192 1947 civium
1203 1909 1332 1959 potius

213 1961 302 1999 odio
326 1969 363 2000 et
386 1962 519 2012 furori,
552 1977 670 2015 quam
699 1964 817 2015 ipsius
839 1963 971 2002 virtuti
1003 1970 1119 2014 atque
1146 1963 1331 2000 institutae

210 2014 484 2064 adolescentiae,
506 2018 731 2056 conveniret.
771 2018 943 2065 Etenim,
965 2030 1054 2056 cum
1073 2030 1096 2054 a
1115 2016 1331 2055 clarissimis

212 2068 303 2107 viris
327 2071 556 2120 justissimas
579 2072 796 2110 inimicitias
825 2085 923 2124 saepe
948 2084 1036 2110 cum
1064 2073 1160 2110 bene
1185 2070 1330 2109 meritis

213 2122 360 2162 civibus
385 2125 573 2176 depositas
591 2139 669 2165 esse
688 2127 879 2175 vidissem,
906 2139 984 2165 non
1003 2138 1090 2164 sum
1108 2124 1327 2171 arbitratus,

210 2188 448 2230 quemquam
459 2180 627 2220 amicum
639 2180 870 2233 reipublicae,
879 2187 1129 2232 posteaquam
1141 2179 1189 2219 L.
1200 2177 1331 2218 Flacci
