1425 2334
366 452 434 499 IN
468 449 820 499 VATINIUM.

97 579 130 617 1.
160 580 205 618 S1
239 587 304 618 tua
333 578 608 623 tantummodo,
639 578 784 625 Vatini,
814 576 906 628 quid
941 576 1144 627 indignitas

43 634 261 683 postularet,
282 640 444 684 spectare
466 633 681 678 voluissem,
701 631 868 669 fecissem
887 630 940 678 id,
967 628 1069 681 quod
1085 629 1146 667 his

42 686 279 724 vehementer
290 687 473 736 placebat,
494 693 538 723 ut
555 693 604 732 te,
621 686 727 734 cujus
742 684 1013 731 testimonium,
1033 694 1145 733 prop-

42 746 97 777 ter
124 739 397 790 turpitudinem
419 739 505 777 vitae
523 739 721 789 sordesque
747 737 980 784 domesticas,
1001 736 1144 774 nullius

45 792 228 830 momenti
245 800 454 843 putaretur,
476 792 610 830 tacitus
628 791 868 828 dimitterem.
899 791 1026 832 Nemo
1045 788 1146 827 enim

44 845 181 883 horum
206 853 273 883 aut
298 845 351 883 ita
378 853 415 883 te
442 845 699 890 refutandum,
729 851 772 881 ut
799 856 951 894 gravem
976 842 1147 880 adversa-

44 898 160 944 rium,
188 906 255 936 aut
281 899 334 936 ita
360 898 584 949 rogandum,
607 905 651 935 ut
675 897 890 947 religiosum
917 903 1063 942 testem,
1087 908 1146 933 ar-

43 952 264 990 bitrabatur.
311 951 386 990 Sed
414 952 472 989 fui
502 951 616 1002 paulo
645 949 950 1001 intemperantior
978 948 1146 996 fortasse,

45 1018 164 1056 quarn
202 1005 340 1042 debui:
380 1005 465 1042 odio
494 1005 595 1042 enim
619 1004 675 1041 tui
702 1003 756 1046 (in
788 1015 877 1054 quo,
907 1001 974 1040 etsi
1002 1013 1146 1048 omnes,

44 1066 195 1109 propter
219 1065 330 1095 tuum
354 1058 394 1095 in
418 1071 481 1095 me
508 1058 640 1103 scelus,
664 1069 838 1107 superare
860 1056 990 1102 debeo,
1019 1062 1145 1092 tamen

45 1112 92 1148 ab
111 1111 287 1149 omnibus
304 1124 412 1162 paene
429 1111 571 1157 vincor)
598 1110 650 1148 sic
669 1123 753 1147 sum
772 1109 961 1155 incitatus,
981 1115 1038 1155 ut,
1059 1120 1146 1145 cum

45 1171 82 1202 te
110 1176 187 1201 non
212 1164 339 1202 minus
367 1171 643 1202 contemnerem
675 1175 791 1213 quam
820 1162 995 1207 odissem,
1021 1168 1147 1199 tamen

45 1225 222 1255 vexatum
246 1218 371 1268 potius
389 1230 504 1268 quam
520 1217 735 1267 despectum
755 1215 890 1253 vellem
909 1215 1107 1252 dimittere.

99 1270 242 1318 Quare,
263 1283 310 1308 ne
329 1270 398 1308 tibi
412 1271 513 1308 hunc
524 1270 704 1307 honorem
719 1283 742 1306 a
755 1281 817 1305 me
828 1268 957 1306 haberi
970 1269 1065 1305 forte
1075 1266 1149 1304 mi-

44 1337 137 1371 rere,
157 1323 260 1374 quod
277 1324 518 1373 interrogem,
538 1335 652 1372 quem
671 1334 782 1359 nemo
800 1333 1011 1371 congressu,
1038 1332 1150 1358 nemo

47 1377 167 1424 aditu,
183 1389 296 1414 nemo
309 1375 501 1426 suffragio,
517 1387 629 1412 nemo
643 1374 804 1419 civitate,
820 1386 931 1411 nemo
949 1373 1046 1420 luce,
1067 1373 1150 1424 dig-

49 1443 144 1468 num
162 1436 293 1480 putet3
323 1429 430 1466 nulla
447 1441 510 1466 me
527 1428 576 1465 ad
594 1427 633 1464 id
652 1439 763 1465 causa
776 1427 1001 1477 impulisset,
1022 1426 1093 1464 nisi
1106 1433 1150 1464 ut

50 1483 280 1521 ferocitatem
306 1489 411 1520 tuam
438 1481 551 1519 istam
574 1479 873 1531 comprimerem,
894 1487 930 1517 et
956 1479 1152 1517 audaciam

50 1537 274 1586 frangerem,
295 1542 331 1573 et
347 1534 626 1585 loquacitatem,
642 1532 875 1584 paucissimis
894 1532 1151 1582 interrogatio-

49 1590 161 1627 nibus
174 1589 369 1636 irretitam,
382 1587 620 1625 retardarem.
649 1587 805 1624 Etenim
820 1585 993 1631 debuisti,
1004 1585 1150 1633 Vatini,

51 1642 165 1680 etiam
184 1641 214 1678 si
232 1641 326 1679 falso
345 1640 504 1679 venisses
525 1641 564 1677 in
586 1640 834 1690 suspicionem
858 1639 902 1676 P.
928 1638 1070 1685 Sextio,
1096 1646 1148 1676 ta-

51 1707 140 1733 men
158 1693 254 1731 mihi
271 1694 472 1744 ignoscere,
492 1693 537 1741 si,
563 1693 602 1730 in
628 1700 732 1730 tanto
755 1691 919 1730 hominis
942 1691 988 1729 de
1006 1704 1068 1729 me
1086 1704 1153 1742 op-

54 1749 146 1786 time
163 1746 287 1784 meriti
305 1746 483 1797 periculo,
503 1754 540 1784 et
557 1746 717 1796 tempori
731 1747 812 1795 ejus
831 1753 868 1783 et
885 1744 1069 1782 voluntati
1087 1757 1154 1795 pa-

54 1814 135 1839 rere
164 1800 375 1838 voluissem.
423 1799 498 1837 Sed
527 1799 697 1837 hesterno
728 1811 797 1849 pro
832 1797 1044 1836 testimonio
1076 1810 1154 1834 esse

53 1853 271 1899 mentitum,
284 1856 389 1895 (cum
407 1851 626 1899 affirmares,
646 1852 797 1889 nullum
816 1851 884 1888 tibi
903 1850 1056 1887 omnino
1067 1862 1156 1888 cum

54 1907 297 1946 Albinovano
325 1916 550 1947 sermonem,
576 1917 652 1942 non
677 1904 790 1942 modo
819 1904 866 1941 de
891 1903 1018 1941 Sextio
1047 1915 1155 1940 accu-

54 1959 184 2006 sandO,
204 1959 269 1997 sed
287 1958 367 1996 ulla
385 1970 555 2008 unquam
575 1958 621 1996 de
632 1971 684 2006 re,
700 1957 829 2003 fuisse)
848 1957 962 2007 paulo
980 1962 1066 1993 ante
1083 1955 1169 2006 imq-

54 2012 218 2064 prudens
236 2011 434 2056 indicasti3
464 2010 532 2061 qui
555 2017 592 2047 et
609 2011 659 2048 T.
680 2010 885 2048 Claudium
908 2016 1032 2046 tecum
1054 2020 1156 2057 com-7

56 2065 280 2112 manicasse,
313 2071 350 2102 et
385 2077 408 2101 a
439 2071 477 2102 te
503 2064 701 2102 consilium
733 2064 777 2101 P.
805 2061 924 2100 Sextii
960 2061 1157 2100 accusandi

57 2120 206 2170 petisse,
230 2125 267 2155 et
284 2117 572 2155 Albinovanum
587 2120 718 2168 (quem
736 2123 845 2154 antea
856 2115 920 2151 vix
939 2113 1007 2151 tibi
1024 2123 1158 2152 notum

55 2184 132 2210 esse
153 2170 325 2218 dixisses)
344 2169 502 2208 domum
520 2177 627 2207 tuam
645 2168 801 2216 venisse,
821 2167 943 2206 multa
961 2174 1085 2205 tecum
1103 2167 1159 2205 lo-
