<?xml version="1.0" encoding="UTF-8"?>
<!DOCTYPE html PUBLIC "-//W3C//DTD XHTML 1.0 Transitional//EN"
    "http://www.w3.org/TR/xhtml1/DTD/xhtml1-transitional.dtd">
<html xmlns="http://www.w3.org/1999/xhtml" xml:lang="en" lang="en">
 <head>
  <title>
</title>
<meta http-equiv="Content-Type" content="text/html;charset=utf-8" />
  <meta name='ocr-system' content='tesseract 3.04.00' />
  <meta name='ocr-capabilities' content='ocr_page ocr_carea ocr_par ocr_line ocrx_word'/>
</head>
<body>
  <div class='ocr_page' id='page_1' title='image "./operaern07ciceuoft_0250.png"; bbox 0 0 1455 2343; ppageno 0'>
   <div class='ocr_carea' id='block_1_1' title="bbox 186 60 1054 102">
    <p class='ocr_par' dir='ltr' id='par_1_1' title="bbox 186 60 1054 102">
     <span class='ocr_line' id='line_1_1' title="bbox 186 60 1054 102; baseline 0.001 -2"><span class='ocrx_word' id='word_1_1' title='bbox 186 62 265 100; x_wconf 82' lang='lat'>236</span> <span class='ocrx_word' id='word_1_2' title='bbox 419 61 541 102; x_wconf 50' lang='lat' dir='ltr'>PRO&gt;</span> <span class='ocrx_word' id='word_1_3' title='bbox 564 60 832 101; x_wconf 83' lang='lat' dir='ltr'>PLANCIO.</span> <span class='ocrx_word' id='word_1_4' title='bbox 863 60 967 100; x_wconf 51' lang='lat' dir='ltr'>cip.</span> <span class='ocrx_word' id='word_1_5' title='bbox 990 63 1054 101; x_wconf 82' lang='lat'>20.</span> 
     </span>
    </p>
   </div>
   <div class='ocr_carea' id='block_1_2' title="bbox 182 168 1308 2209">
    <p class='ocr_par' dir='ltr' id='par_1_2' title="bbox 186 168 1304 758">
     <span class='ocr_line' id='line_1_2' title="bbox 186 168 1304 222; baseline 0.003 -15"><span class='ocrx_word' id='word_1_6' title='bbox 186 177 254 208; x_wconf 88' lang='lat' dir='ltr'>tua</span> <span class='ocrx_word' id='word_1_7' title='bbox 270 168 436 220; x_wconf 84' lang='lat' dir='ltr'>dignitas</span> <span class='ocrx_word' id='word_1_8' title='bbox 452 169 668 222; x_wconf 58' lang='lat' dir='ltr'>postularit,</span> <span class='ocrx_word' id='word_1_9' title='bbox 684 168 926 221; x_wconf 78' lang='lat' dir='ltr'><strong>repudiandis</strong></span> <span class='ocrx_word' id='word_1_10' title='bbox 939 169 1189 220; x_wconf 81' lang='lat' dir='ltr'>gratiosorum</span> <span class='ocrx_word' id='word_1_11' title='bbox 1205 172 1304 210; x_wconf 63' lang='lat' dir='ltr'>ami«</span> 
     </span>
     <span class='ocr_line' id='line_1_3' title="bbox 188 222 1304 276; baseline 0.003 -15"><span class='ocrx_word' id='word_1_12' title='bbox 188 222 285 262; x_wconf 91' lang='lat' dir='ltr'>citiis</span> <span class='ocrx_word' id='word_1_13' title='bbox 303 235 378 261; x_wconf 88' lang='lat' dir='ltr'>non</span> <span class='ocrx_word' id='word_1_14' title='bbox 398 236 478 262; x_wconf 88' lang='lat' dir='ltr'>esse</span> <span class='ocrx_word' id='word_1_15' title='bbox 495 231 721 262; x_wconf 89' lang='lat' dir='ltr'>assecutum.</span> <span class='ocrx_word' id='word_1_16' title='bbox 750 224 779 262; x_wconf 86' lang='lat' dir='ltr'>J</span> <span class='ocrx_word' id='word_1_17' title='bbox 781 237 859 271; x_wconf 86' lang='lat' dir='ltr'>am,</span> <span class='ocrx_word' id='word_1_18' title='bbox 879 231 923 261; x_wconf 88' lang='lat' dir='ltr'>ut</span> <span class='ocrx_word' id='word_1_19' title='bbox 941 236 1011 274; x_wconf 86' lang='lat' dir='ltr'>ego</span> <span class='ocrx_word' id='word_1_20' title='bbox 1028 223 1143 263; x_wconf 89' lang='lat' dir='ltr'>doceo</span> <span class='ocrx_word' id='word_1_21' title='bbox 1161 226 1304 276; x_wconf 87' lang='lat' dir='ltr'>gratio-</span> 
     </span>
     <span class='ocr_line' id='line_1_4' title="bbox 187 277 1304 330; baseline 0.005 -17"><span class='ocrx_word' id='word_1_22' title='bbox 187 289 276 314; x_wconf 87' lang='lat' dir='ltr'>sum</span> <span class='ocrx_word' id='word_1_23' title='bbox 294 290 373 316; x_wconf 90' lang='lat' dir='ltr'>esse</span> <span class='ocrx_word' id='word_1_24' title='bbox 392 278 595 316; x_wconf 83' lang='lat' dir='ltr'>tribulibus</span> <span class='ocrx_word' id='word_1_25' title='bbox 615 277 832 318; x_wconf 81' lang='lat' dir='ltr'>Plancium,</span> <span class='ocrx_word' id='word_1_26' title='bbox 852 277 956 329; x_wconf 89' lang='lat' dir='ltr'>quod</span> <span class='ocrx_word' id='word_1_27' title='bbox 982 277 1114 316; x_wconf 87' lang='lat' dir='ltr'>multis</span> <span class='ocrx_word' id='word_1_28' title='bbox 1138 279 1304 330; x_wconf 84' lang='lat' dir='ltr'>benigne</span> 
     </span>
     <span class='ocr_line' id='line_1_5' title="bbox 187 330 1303 383; baseline 0.004 -15"><span class='ocrx_word' id='word_1_29' title='bbox 187 330 330 380; x_wconf 87' lang='lat' dir='ltr'>fecerit,</span> <span class='ocrx_word' id='word_1_30' title='bbox 361 344 431 382; x_wconf 87' lang='lat' dir='ltr'>pro</span> <span class='ocrx_word' id='word_1_31' title='bbox 455 331 590 369; x_wconf 89' lang='lat' dir='ltr'>multis</span> <span class='ocrx_word' id='word_1_32' title='bbox 615 331 869 382; x_wconf 78' lang='lat' dir='ltr'>spoponderit,</span> <span class='ocrx_word' id='word_1_33' title='bbox 895 330 934 368; x_wconf 90' lang='lat' dir='ltr'>in</span> <span class='ocrx_word' id='word_1_34' title='bbox 958 343 1090 382; x_wconf 86' lang='lat' dir='ltr'>operas</span> <span class='ocrx_word' id='word_1_35' title='bbox 1114 332 1303 383; x_wconf 88' lang='lat' dir='ltr'>plurimos</span> 
     </span>
     <span class='ocr_line' id='line_1_6' title="bbox 187 384 1302 438; baseline 0.004 -16"><span class='ocrx_word' id='word_1_36' title='bbox 187 384 305 435; x_wconf 85' lang='lat' dir='ltr'>patris</span> <span class='ocrx_word' id='word_1_37' title='bbox 333 385 556 424; x_wconf 88' lang='lat' dir='ltr'>auctoritate</span> <span class='ocrx_word' id='word_1_38' title='bbox 587 391 624 423; x_wconf 92' lang='lat' dir='ltr'>et</span> <span class='ocrx_word' id='word_1_39' title='bbox 654 384 777 435; x_wconf 61' lang='lat' dir='ltr'>gratia</span> <span class='ocrx_word' id='word_1_40' title='bbox 806 384 974 430; x_wconf 87' lang='lat' dir='ltr'>miserit;</span> <span class='ocrx_word' id='word_1_41' title='bbox 1004 385 1109 436; x_wconf 91' lang='lat' dir='ltr'>quod</span> <span class='ocrx_word' id='word_1_42' title='bbox 1136 385 1302 438; x_wconf 84' lang='lat' dir='ltr'>denique</span> 
     </span>
     <span class='ocr_line' id='line_1_7' title="bbox 186 437 1300 490; baseline 0.004 -15"><span class='ocrx_word' id='word_1_43' title='bbox 186 437 365 476; x_wconf 89' lang='lat' dir='ltr'>omnibus</span> <span class='ocrx_word' id='word_1_44' title='bbox 383 438 514 477; x_wconf 87' lang='lat' dir='ltr'>officiis</span> <span class='ocrx_word' id='word_1_45' title='bbox 532 451 600 490; x_wconf 89' lang='lat' dir='ltr'>per</span> <span class='ocrx_word' id='word_1_46' title='bbox 618 451 669 486; x_wconf 91' lang='lat' dir='ltr'>se,</span> <span class='ocrx_word' id='word_1_47' title='bbox 690 451 757 489; x_wconf 88' lang='lat' dir='ltr'>per</span> <span class='ocrx_word' id='word_1_48' title='bbox 768 446 929 489; x_wconf 85' lang='lat' dir='ltr'>patrem,</span> <span class='ocrx_word' id='word_1_49' title='bbox 942 451 1010 489; x_wconf 90' lang='lat' dir='ltr'>per</span> <span class='ocrx_word' id='word_1_50' title='bbox 1021 440 1183 488; x_wconf 88' lang='lat' dir='ltr'>majores</span> <span class='ocrx_word' id='word_1_51' title='bbox 1196 453 1300 489; x_wconf 89' lang='lat' dir='ltr'>suos,</span> 
     </span>
     <span class='ocr_line' id='line_1_8' title="bbox 187 491 1303 543; baseline 0.004 -14"><span class='ocrx_word' id='word_1_52' title='bbox 187 498 307 529; x_wconf 88' lang='lat' dir='ltr'>totam</span> <span class='ocrx_word' id='word_1_53' title='bbox 314 491 515 530; x_wconf 85' lang='lat' dir='ltr'>Atinatem</span> <span class='ocrx_word' id='word_1_54' title='bbox 534 491 799 543; x_wconf 78' lang='lat' dir='ltr'>praefecturam</span> <span class='ocrx_word' id='word_1_55' title='bbox 818 491 1167 542; x_wconf 52' lang='lat' dir='ltr'>comprehenderim</span> <span class='ocrx_word' id='word_1_56' title='bbox 1189 493 1241 532; x_wconf 91' lang='lat' dir='ltr'>sic</span> <span class='ocrx_word' id='word_1_57' title='bbox 1260 501 1303 533; x_wconf 88' lang='lat' dir='ltr'>tu</span> 
     </span>
     <span class='ocr_line' id='line_1_9' title="bbox 189 545 1303 598; baseline 0.004 -16"><span class='ocrx_word' id='word_1_58' title='bbox 189 545 296 592; x_wconf 91' lang='lat' dir='ltr'>doce,</span> <span class='ocrx_word' id='word_1_59' title='bbox 317 553 548 597; x_wconf 86' lang='lat' dir='ltr'>sequestrem</span> <span class='ocrx_word' id='word_1_60' title='bbox 566 545 695 591; x_wconf 86' lang='lat' dir='ltr'>fuisse,</span> <span class='ocrx_word' id='word_1_61' title='bbox 711 545 893 596; x_wconf 85' lang='lat' dir='ltr'>largitum</span> <span class='ocrx_word' id='word_1_62' title='bbox 912 557 1004 593; x_wconf 90' lang='lat' dir='ltr'>esse,</span> <span class='ocrx_word' id='word_1_63' title='bbox 1024 547 1303 598; x_wconf 87' lang='lat' dir='ltr'>conscripsisse,</span> 
     </span>
     <span class='ocr_line' id='line_1_10' title="bbox 187 598 1300 649; baseline 0.004 -13"><span class='ocrx_word' id='word_1_64' title='bbox 187 599 346 637; x_wconf 86' lang='lat' dir='ltr'>tribules</span> <span class='ocrx_word' id='word_1_65' title='bbox 360 599 619 638; x_wconf 84' lang='lat' dir='ltr'>decuriavisse.</span> <span class='ocrx_word' id='word_1_66' title='bbox 649 598 768 645; x_wconf 80' lang='lat' dir='ltr'>Quod</span> <span class='ocrx_word' id='word_1_67' title='bbox 786 598 817 636; x_wconf 89' lang='lat' dir='ltr'>si</span> <span class='ocrx_word' id='word_1_68' title='bbox 835 608 913 636; x_wconf 84' lang='lat' dir='ltr'>non</span> <span class='ocrx_word' id='word_1_69' title='bbox 931 606 1051 649; x_wconf 88' lang='lat' dir='ltr'>potes,</span> <span class='ocrx_word' id='word_1_70' title='bbox 1071 600 1151 638; x_wconf 91' lang='lat' dir='ltr'>noli</span> <span class='ocrx_word' id='word_1_71' title='bbox 1169 601 1300 640; x_wconf 85' lang='lat' dir='ltr'>tollere</span> 
     </span>
     <span class='ocr_line' id='line_1_11' title="bbox 187 652 1300 706; baseline -0.002 -15"><span class='ocrx_word' id='word_1_72' title='bbox 187 665 236 691; x_wconf 87' lang='lat' dir='ltr'>ex</span> <span class='ocrx_word' id='word_1_73' title='bbox 253 652 384 691; x_wconf 87' lang='lat' dir='ltr'>ordine</span> <span class='ocrx_word' id='word_1_74' title='bbox 402 660 531 690; x_wconf 87' lang='lat' dir='ltr'>nostro</span> <span class='ocrx_word' id='word_1_75' title='bbox 549 652 812 690; x_wconf 83' lang='lat' dir='ltr'>liberalitatem</span> <span class='ocrx_word' id='word_1_76' title='bbox 830 665 840 697; x_wconf 78' lang='grc' dir='ltr'>ς</span> <span class='ocrx_word' id='word_1_77' title='bbox 870 652 950 689; x_wconf 90' lang='lat' dir='ltr'>noli</span> <span class='ocrx_word' id='word_1_78' title='bbox 972 653 1205 692; x_wconf 87' lang='lat' dir='ltr'>maleficium</span> <span class='ocrx_word' id='word_1_79' title='bbox 1227 668 1300 706; x_wconf 84' lang='lat' dir='ltr'>pu.</span> 
     </span>
     <span class='ocr_line' id='line_1_12' title="bbox 186 705 1273 758; baseline 0.003 -14"><span class='ocrx_word' id='word_1_80' title='bbox 186 713 266 745; x_wconf 86' lang='lat' dir='ltr'>tare</span> <span class='ocrx_word' id='word_1_81' title='bbox 286 719 364 744; x_wconf 88' lang='lat' dir='ltr'>esse</span> <span class='ocrx_word' id='word_1_82' title='bbox 382 706 570 756; x_wconf 79' lang='lat' dir='ltr'>gratiam3</span> <span class='ocrx_word' id='word_1_83' title='bbox 600 705 679 744; x_wconf 91' lang='lat' dir='ltr'>noli</span> <span class='ocrx_word' id='word_1_84' title='bbox 697 705 973 744; x_wconf 86' lang='lat' dir='ltr'>observantiam</span> <span class='ocrx_word' id='word_1_85' title='bbox 993 706 1136 744; x_wconf 78' lang='lat' dir='ltr'>sancire</span> <span class='ocrx_word' id='word_1_86' title='bbox 1148 708 1273 758; x_wconf 61' lang='lat' dir='ltr'>poena„</span> 
     </span>
    </p>

    <p class='ocr_par' dir='ltr' id='par_1_3' title="bbox 187 759 1304 1012">
     <span class='ocr_line' id='line_1_13' title="bbox 242 759 1303 811; baseline 0.003 -13"><span class='ocrx_word' id='word_1_87' title='bbox 242 760 381 811; x_wconf 87' lang='lat' dir='ltr'>Itaque</span> <span class='ocrx_word' id='word_1_88' title='bbox 398 759 636 798; x_wconf 88' lang='lat' dir='ltr'>haesitantem</span> <span class='ocrx_word' id='word_1_89' title='bbox 655 767 692 797; x_wconf 88' lang='lat' dir='ltr'>te</span> <span class='ocrx_word' id='word_1_90' title='bbox 705 759 745 797; x_wconf 91' lang='lat' dir='ltr'>in</span> <span class='ocrx_word' id='word_1_91' title='bbox 763 759 835 797; x_wconf 91' lang='lat' dir='ltr'>hoc</span> <span class='ocrx_word' id='word_1_92' title='bbox 849 759 1108 798; x_wconf 83' lang='lat' dir='ltr'>sodalitiorum</span> <span class='ocrx_word' id='word_1_93' title='bbox 1121 761 1303 801; x_wconf 83' lang='lat' dir='ltr'>tribuario</span> 
     </span>
     <span class='ocr_line' id='line_1_14' title="bbox 188 813 1301 862; baseline 0.003 -11"><span class='ocrx_word' id='word_1_94' title='bbox 188 813 360 862; x_wconf 84' lang='lat' dir='ltr'>crimine,</span> <span class='ocrx_word' id='word_1_95' title='bbox 382 813 430 851; x_wconf 89' lang='lat' dir='ltr'>ad</span> <span class='ocrx_word' id='word_1_96' title='bbox 448 826 694 851; x_wconf 87' lang='lat' dir='ltr'>communem</span> <span class='ocrx_word' id='word_1_97' title='bbox 720 813 884 851; x_wconf 65' lang='lat' dir='ltr'>ambitus</span> <span class='ocrx_word' id='word_1_98' title='bbox 905 825 1060 851; x_wconf 85' lang='lat' dir='ltr'>causam</span> <span class='ocrx_word' id='word_1_99' title='bbox 1083 815 1301 861; x_wconf 82' lang='lat' dir='ltr'>contulisti;</span> 
     </span>
     <span class='ocr_line' id='line_1_15' title="bbox 187 866 1304 919; baseline 0.002 -15"><span class='ocrx_word' id='word_1_100' title='bbox 187 867 229 905; x_wconf 93' lang='lat' dir='ltr'>in</span> <span class='ocrx_word' id='word_1_101' title='bbox 257 867 336 918; x_wconf 67' lang='lat' dir='ltr'>qua</span> <span class='ocrx_word' id='word_1_102' title='bbox 361 866 579 905; x_wconf 85' lang='lat' dir='ltr'>desinamus</span> <span class='ocrx_word' id='word_1_103' title='bbox 607 866 812 918; x_wconf 85' lang='lat' dir='ltr'>aliquando</span> <span class='ocrx_word' id='word_1_104' title='bbox 841 866 889 910; x_wconf 83' lang='lat' dir='ltr'>(si</span> <span class='ocrx_word' id='word_1_105' title='bbox 913 866 1078 915; x_wconf 85' lang='lat' dir='ltr'>videtur)</span> <span class='ocrx_word' id='word_1_106' title='bbox 1099 868 1248 919; x_wconf 84' lang='lat' dir='ltr'>vulgari</span> <span class='ocrx_word' id='word_1_107' title='bbox 1264 879 1304 908; x_wconf 77' lang='lat' dir='ltr'>et</span> 
     </span>
     <span class='ocr_line' id='line_1_16' title="bbox 187 920 1304 972; baseline 0.004 -14"><span class='ocrx_word' id='word_1_108' title='bbox 187 921 395 972; x_wconf 67' lang='lat' dir='ltr'>pervagata</span> <span class='ocrx_word' id='word_1_109' title='bbox 413 920 685 959; x_wconf 84' lang='lat' dir='ltr'>declamatione</span> <span class='ocrx_word' id='word_1_110' title='bbox 703 920 937 959; x_wconf 84' lang='lat' dir='ltr'>contendere.</span> <span class='ocrx_word' id='word_1_111' title='bbox 975 921 1039 960; x_wconf 86' lang='lat' dir='ltr'>Sic</span> <span class='ocrx_word' id='word_1_112' title='bbox 1055 921 1159 961; x_wconf 87' lang='lat' dir='ltr'>enim</span> <span class='ocrx_word' id='word_1_113' title='bbox 1178 930 1304 962; x_wconf 85' lang='lat' dir='ltr'>tecum</span> 
     </span>
     <span class='ocr_line' id='line_1_17' title="bbox 190 987 276 1012; baseline 0 0"><span class='ocrx_word' id='word_1_114' title='bbox 190 988 215 1012; x_wconf 90' lang='lat' dir='ltr'>a</span> <span class='ocrx_word' id='word_1_115' title='bbox 242 987 276 1012; x_wconf 91' lang='lat' dir='ltr'>o.</span> 
     </span>
    </p>

    <p class='ocr_par' dir='ltr' id='par_1_4' title="bbox 186 988 1308 1924">
     <span class='ocr_line' id='line_1_18' title="bbox 215 988 1303 1083; baseline 0.005 -18"><span class='ocrx_word' id='word_1_116' title='bbox 215 988 375 1076; x_wconf 80' lang='lat' dir='ltr'>gQuam</span> <span class='ocrx_word' id='word_1_117' title='bbox 403 1028 473 1066; x_wconf 88' lang='lat' dir='ltr'>tibi</span> <span class='ocrx_word' id='word_1_118' title='bbox 498 1028 744 1067; x_wconf 88' lang='lat' dir='ltr'>commodum</span> <span class='ocrx_word' id='word_1_119' title='bbox 772 1035 840 1075; x_wconf 90' lang='lat' dir='ltr'>est,</span> <span class='ocrx_word' id='word_1_120' title='bbox 860 1040 979 1067; x_wconf 89' lang='lat' dir='ltr'>unam</span> <span class='ocrx_word' id='word_1_121' title='bbox 1006 1028 1151 1068; x_wconf 83' lang='lat' dir='ltr'>tribum</span> <span class='ocrx_word' id='word_1_122' title='bbox 1179 1029 1303 1083; x_wconf 87' lang='lat' dir='ltr'>delige</span> 
     </span>
     <span class='ocr_line' id='line_1_19' title="bbox 187 1081 1303 1136; baseline 0.002 -15"><span class='ocrx_word' id='word_1_123' title='bbox 187 1089 231 1121; x_wconf 85' lang='lat' dir='ltr'>tu</span> <span class='ocrx_word' id='word_1_124' title='bbox 246 1096 256 1120; x_wconf 71' lang='grc' dir='ltr'><strong><em>ι</em></strong></span> <span class='ocrx_word' id='word_1_125' title='bbox 285 1082 377 1120; x_wconf 92' lang='lat' dir='ltr'>doce</span> <span class='ocrx_word' id='word_1_126' title='bbox 396 1082 466 1130; x_wconf 90' lang='lat' dir='ltr'>(id,</span> <span class='ocrx_word' id='word_1_127' title='bbox 487 1082 590 1133; x_wconf 89' lang='lat' dir='ltr'>quod</span> <span class='ocrx_word' id='word_1_128' title='bbox 604 1081 735 1131; x_wconf 84' lang='lat' dir='ltr'>debes)</span> <span class='ocrx_word' id='word_1_129' title='bbox 752 1096 819 1134; x_wconf 78' lang='lat' dir='ltr'>per</span> <span class='ocrx_word' id='word_1_130' title='bbox 837 1095 953 1133; x_wconf 89' lang='lat' dir='ltr'>quem</span> <span class='ocrx_word' id='word_1_131' title='bbox 967 1090 1212 1134; x_wconf 83' lang='lat' dir='ltr'>sequestrem,</span> <span class='ocrx_word' id='word_1_132' title='bbox 1226 1097 1303 1136; x_wconf 93' lang='lat' dir='ltr'>quo</span> 
     </span>
     <span class='ocr_line' id='line_1_20' title="bbox 187 1135 1304 1189; baseline 0.004 -16"><span class='ocrx_word' id='word_1_133' title='bbox 187 1135 363 1185; x_wconf 80' lang='lat' dir='ltr'>divisore,</span> <span class='ocrx_word' id='word_1_134' title='bbox 383 1143 559 1187; x_wconf 88' lang='lat' dir='ltr'>corrupta</span> <span class='ocrx_word' id='word_1_135' title='bbox 577 1136 635 1174; x_wconf 82' lang='lat' dir='ltr'>sit.</span> <span class='ocrx_word' id='word_1_136' title='bbox 670 1136 770 1187; x_wconf 85' lang='lat' dir='ltr'>Ego,</span> <span class='ocrx_word' id='word_1_137' title='bbox 790 1136 822 1174; x_wconf 89' lang='lat' dir='ltr'>si</span> <span class='ocrx_word' id='word_1_138' title='bbox 845 1135 885 1173; x_wconf 88' lang='lat' dir='ltr'>id</span> <span class='ocrx_word' id='word_1_139' title='bbox 903 1136 1023 1174; x_wconf 90' lang='lat' dir='ltr'>facere</span> <span class='ocrx_word' id='word_1_140' title='bbox 1040 1149 1118 1175; x_wconf 91' lang='lat' dir='ltr'>non</span> <span class='ocrx_word' id='word_1_141' title='bbox 1136 1139 1304 1189; x_wconf 86' lang='lat' dir='ltr'>potueris</span> 
     </span>
     <span class='ocr_line' id='line_1_21' title="bbox 188 1189 1303 1243; baseline 0.004 -17"><span class='ocrx_word' id='word_1_142' title='bbox 188 1189 325 1240; x_wconf 85' lang='lat' dir='ltr'>(quod,</span> <span class='ocrx_word' id='word_1_143' title='bbox 345 1198 389 1227; x_wconf 91' lang='lat' dir='ltr'>ut</span> <span class='ocrx_word' id='word_1_144' title='bbox 408 1190 535 1241; x_wconf 88' lang='lat' dir='ltr'>opinio</span> <span class='ocrx_word' id='word_1_145' title='bbox 557 1203 643 1228; x_wconf 90' lang='lat' dir='ltr'>mea</span> <span class='ocrx_word' id='word_1_146' title='bbox 660 1190 747 1238; x_wconf 86' lang='lat' dir='ltr'>fert,</span> <span class='ocrx_word' id='word_1_147' title='bbox 774 1203 823 1228; x_wconf 89' lang='lat' dir='ltr'>ne</span> <span class='ocrx_word' id='word_1_148' title='bbox 843 1189 999 1241; x_wconf 87' lang='lat' dir='ltr'>incipies</span> <span class='ocrx_word' id='word_1_149' title='bbox 1017 1190 1206 1242; x_wconf 86' lang='lat' dir='ltr'>quidem),</span> <span class='ocrx_word' id='word_1_150' title='bbox 1234 1205 1303 1243; x_wconf 89' lang='lat' dir='ltr'>per</span> 
     </span>
     <span class='ocr_line' id='line_1_22' title="bbox 187 1243 1305 1297; baseline 0.004 -17"><span class='ocrx_word' id='word_1_151' title='bbox 187 1256 306 1294; x_wconf 88' lang='lat' dir='ltr'>quem</span> <span class='ocrx_word' id='word_1_152' title='bbox 320 1244 462 1292; x_wconf 83' lang='lat' dir='ltr'>tulerit,</span> <span class='ocrx_word' id='word_1_153' title='bbox 475 1243 628 1282; x_wconf 89' lang='lat' dir='ltr'>docebo.</span> <span class='ocrx_word' id='word_1_154' title='bbox 657 1243 778 1281; x_wconf 87' lang='lat' dir='ltr'>Estne</span> <span class='ocrx_word' id='word_1_155' title='bbox 791 1244 872 1281; x_wconf 83' lang='lat' dir='ltr'>haec</span> <span class='ocrx_word' id='word_1_156' title='bbox 885 1257 971 1282; x_wconf 87' lang='lat' dir='ltr'>vera</span> <span class='ocrx_word' id='word_1_157' title='bbox 982 1245 1171 1283; x_wconf 79' lang='lat' dir='ltr'>contentio</span> <span class='ocrx_word' id='word_1_158' title='bbox 1185 1248 1202 1284; x_wconf 74' lang='grc' dir='ltr'>Ρ</span> <span class='ocrx_word' id='word_1_159' title='bbox 1221 1247 1305 1297; x_wconf 89' lang='lat' dir='ltr'>pla-</span> 
     </span>
     <span class='ocr_line' id='line_1_23' title="bbox 188 1296 1304 1348; baseline 0.004 -14"><span class='ocrx_word' id='word_1_160' title='bbox 188 1303 296 1335; x_wconf 89' lang='lat' dir='ltr'>cetne</span> <span class='ocrx_word' id='word_1_161' title='bbox 315 1296 367 1334; x_wconf 89' lang='lat' dir='ltr'>sic</span> <span class='ocrx_word' id='word_1_162' title='bbox 391 1298 453 1348; x_wconf 83' lang='lat' dir='ltr'>agi</span> <span class='ocrx_word' id='word_1_163' title='bbox 470 1299 488 1336; x_wconf 84' lang='lat'>?</span> <span class='ocrx_word' id='word_1_164' title='bbox 529 1298 621 1335; x_wconf 92' lang='lat' dir='ltr'>Non</span> <span class='ocrx_word' id='word_1_165' title='bbox 645 1309 801 1348; x_wconf 90' lang='lat' dir='ltr'>possum</span> <span class='ocrx_word' id='word_1_166' title='bbox 825 1297 950 1348; x_wconf 87' lang='lat' dir='ltr'>magis</span> <span class='ocrx_word' id='word_1_167' title='bbox 974 1297 1112 1348; x_wconf 88' lang='lat' dir='ltr'>pedem</span> <span class='ocrx_word' id='word_1_168' title='bbox 1136 1299 1304 1338; x_wconf 86' lang='lat' dir='ltr'>conferre</span> 
     </span>
     <span class='ocr_line' id='line_1_24' title="bbox 189 1350 1308 1404; baseline 0.004 -17"><span class='ocrx_word' id='word_1_169' title='bbox 189 1352 251 1393; x_wconf 91' lang='lat' dir='ltr'>(ut</span> <span class='ocrx_word' id='word_1_170' title='bbox 273 1350 412 1398; x_wconf 90' lang='lat' dir='ltr'>aiunt),</span> <span class='ocrx_word' id='word_1_171' title='bbox 432 1358 500 1388; x_wconf 87' lang='lat' dir='ltr'>aut</span> <span class='ocrx_word' id='word_1_172' title='bbox 519 1351 674 1401; x_wconf 89' lang='lat' dir='ltr'>propius</span> <span class='ocrx_word' id='word_1_173' title='bbox 693 1351 876 1389; x_wconf 86' lang='lat' dir='ltr'>accedere.</span> <span class='ocrx_word' id='word_1_174' title='bbox 915 1350 1024 1397; x_wconf 85' lang='lat' dir='ltr'>Quid</span> <span class='ocrx_word' id='word_1_175' title='bbox 1048 1358 1149 1390; x_wconf 86' lang='lat' dir='ltr'>taces</span> <span class='ocrx_word' id='word_1_176' title='bbox 1166 1355 1183 1391; x_wconf 77' lang='grc' dir='ltr'><strong><em>Ρ</em></strong></span> <span class='ocrx_word' id='word_1_177' title='bbox 1212 1353 1308 1404; x_wconf 82' lang='lat' dir='ltr'>quid</span> 
     </span>
     <span class='ocr_line' id='line_1_25' title="bbox 187 1403 1307 1456; baseline 0.004 -15"><span class='ocrx_word' id='word_1_178' title='bbox 187 1403 437 1442; x_wconf 83' lang='lat' dir='ltr'>dissimulas?</span> <span class='ocrx_word' id='word_1_179' title='bbox 470 1403 565 1455; x_wconf 90' lang='lat' dir='ltr'>quid</span> <span class='ocrx_word' id='word_1_180' title='bbox 590 1404 840 1454; x_wconf 86' lang='lat' dir='ltr'>tergiversaris</span> <span class='ocrx_word' id='word_1_181' title='bbox 853 1404 871 1440; x_wconf 79' lang='lat'>¹?</span> <span class='ocrx_word' id='word_1_182' title='bbox 899 1403 1032 1442; x_wconf 86' lang='lat' dir='ltr'>Etiam</span> <span class='ocrx_word' id='word_1_183' title='bbox 1051 1412 1165 1456; x_wconf 85' lang='lat' dir='ltr'>atque</span> <span class='ocrx_word' id='word_1_184' title='bbox 1193 1408 1307 1445; x_wconf 86' lang='lat' dir='ltr'>etiam</span> 
     </span>
     <span class='ocr_line' id='line_1_26' title="bbox 188 1457 1300 1511; baseline 0.004 -17"><span class='ocrx_word' id='word_1_185' title='bbox 188 1457 287 1495; x_wconf 88' lang='lat' dir='ltr'>insto</span> <span class='ocrx_word' id='word_1_186' title='bbox 305 1464 420 1509; x_wconf 80' lang='lat' dir='ltr'>atque</span> <span class='ocrx_word' id='word_1_187' title='bbox 438 1470 568 1508; x_wconf 87' lang='lat' dir='ltr'>urgeo,</span> <span class='ocrx_word' id='word_1_188' title='bbox 587 1458 760 1505; x_wconf 88' lang='lat' dir='ltr'>insector,</span> <span class='ocrx_word' id='word_1_189' title='bbox 779 1471 905 1509; x_wconf 85' lang='lat' dir='ltr'>posco,</span> <span class='ocrx_word' id='word_1_190' title='bbox 926 1464 1040 1509; x_wconf 86' lang='lat' dir='ltr'>atque</span> <span class='ocrx_word' id='word_1_191' title='bbox 1058 1458 1152 1497; x_wconf 86' lang='lat' dir='ltr'>adeo</span> <span class='ocrx_word' id='word_1_192' title='bbox 1170 1460 1300 1511; x_wconf 68' lang='lat' dir='ltr'>flagito</span> 
     </span>
     <span class='ocr_line' id='line_1_27' title="bbox 186 1511 1303 1564; baseline 0.003 -15"><span class='ocrx_word' id='word_1_193' title='bbox 186 1511 343 1549; x_wconf 88' lang='lat' dir='ltr'>crimen.</span> <span class='ocrx_word' id='word_1_194' title='bbox 383 1511 683 1562; x_wconf 86' lang='lat' dir='ltr'>Quamcumque</span> <span class='ocrx_word' id='word_1_195' title='bbox 710 1511 853 1550; x_wconf 87' lang='lat' dir='ltr'>tribum</span> <span class='ocrx_word' id='word_1_196' title='bbox 886 1511 1078 1563; x_wconf 87' lang='lat' dir='ltr'>(inquam)</span> <span class='ocrx_word' id='word_1_197' title='bbox 1107 1513 1303 1564; x_wconf 81' lang='lat' dir='ltr'>delegeris,</span> 
     </span>
     <span class='ocr_line' id='line_1_28' title="bbox 186 1564 1300 1616; baseline 0.003 -14"><span class='ocrx_word' id='word_1_198' title='bbox 186 1577 306 1616; x_wconf 88' lang='lat' dir='ltr'>quam</span> <span class='ocrx_word' id='word_1_199' title='bbox 321 1564 448 1603; x_wconf 88' lang='lat' dir='ltr'>tulerit</span> <span class='ocrx_word' id='word_1_200' title='bbox 461 1564 654 1612; x_wconf 83' lang='lat' dir='ltr'>Plancius,</span> <span class='ocrx_word' id='word_1_201' title='bbox 663 1573 706 1603; x_wconf 91' lang='lat' dir='ltr'>tu</span> <span class='ocrx_word' id='word_1_202' title='bbox 720 1565 918 1613; x_wconf 78' lang='lat' dir='ltr'>ostendito,</span> <span class='ocrx_word' id='word_1_203' title='bbox 932 1565 963 1603; x_wconf 93' lang='lat' dir='ltr'>si</span> <span class='ocrx_word' id='word_1_204' title='bbox 973 1566 1127 1616; x_wconf 78' lang='lat' dir='ltr'>poteris,</span> <span class='ocrx_word' id='word_1_205' title='bbox 1138 1567 1273 1605; x_wconf 85' lang='lat' dir='ltr'>vitium</span> <span class='ocrx_word' id='word_1_206' title='bbox 1288 1582 1300 1606; x_wconf 72' lang='grc' dir='ltr'><strong><em>ε</em></strong></span> 
     </span>
     <span class='ocr_line' id='line_1_29' title="bbox 187 1616 1299 1668; baseline 0.004 -13"><span class='ocrx_word' id='word_1_207' title='bbox 187 1631 272 1668; x_wconf 83' lang='lat' dir='ltr'>ego,</span> <span class='ocrx_word' id='word_1_208' title='bbox 298 1616 377 1668; x_wconf 72' lang='lat' dir='ltr'>qua</span> <span class='ocrx_word' id='word_1_209' title='bbox 400 1619 544 1656; x_wconf 85' lang='lat' dir='ltr'>ratione</span> <span class='ocrx_word' id='word_1_210' title='bbox 570 1619 714 1667; x_wconf 86' lang='lat' dir='ltr'>tulerit,</span> <span class='ocrx_word' id='word_1_211' title='bbox 734 1619 901 1657; x_wconf 83' lang='lat' dir='ltr'>docebo:</span> <span class='ocrx_word' id='word_1_212' title='bbox 931 1631 1000 1657; x_wconf 87' lang='lat' dir='ltr'>nec</span> <span class='ocrx_word' id='word_1_213' title='bbox 1024 1619 1095 1658; x_wconf 89' lang='lat' dir='ltr'>erit</span> <span class='ocrx_word' id='word_1_214' title='bbox 1121 1620 1203 1660; x_wconf 84' lang='lat' dir='ltr'>haec</span> <span class='ocrx_word' id='word_1_215' title='bbox 1223 1621 1299 1660; x_wconf 76' lang='lat' dir='ltr'>alia</span> 
     </span>
     <span class='ocr_line' id='line_1_30' title="bbox 186 1671 1298 1724; baseline 0.005 -16"><span class='ocrx_word' id='word_1_216' title='bbox 186 1671 283 1709; x_wconf 85' lang='lat' dir='ltr'>ratio</span> <span class='ocrx_word' id='word_1_217' title='bbox 303 1671 460 1710; x_wconf 88' lang='lat' dir='ltr'>Plancio</span> <span class='ocrx_word' id='word_1_218' title='bbox 478 1685 522 1710; x_wconf 83' lang='lat' dir='ltr'>ac</span> <span class='ocrx_word' id='word_1_219' title='bbox 541 1672 750 1711; x_wconf 86' lang='lat' dir='ltr'>Laterensi.</span> <span class='ocrx_word' id='word_1_220' title='bbox 787 1672 894 1710; x_wconf 91' lang='lat' dir='ltr'>Nam</span> <span class='ocrx_word' id='word_1_221' title='bbox 912 1679 970 1721; x_wconf 90' lang='lat' dir='ltr'>ut,</span> <span class='ocrx_word' id='word_1_222' title='bbox 994 1686 1089 1724; x_wconf 90' lang='lat' dir='ltr'>quas</span> <span class='ocrx_word' id='word_1_223' title='bbox 1114 1675 1236 1714; x_wconf 85' lang='lat' dir='ltr'>tribus</span> <span class='ocrx_word' id='word_1_224' title='bbox 1254 1681 1298 1714; x_wconf 87' lang='lat' dir='ltr'>tu</span> 
     </span>
     <span class='ocr_line' id='line_1_31' title="bbox 186 1725 1302 1778; baseline 0.004 -16"><span class='ocrx_word' id='word_1_225' title='bbox 186 1725 322 1773; x_wconf 87' lang='lat' dir='ltr'>tulisti,</span> <span class='ocrx_word' id='word_1_226' title='bbox 342 1725 374 1763; x_wconf 88' lang='lat' dir='ltr'>si</span> <span class='ocrx_word' id='word_1_227' title='bbox 387 1727 471 1775; x_wconf 87' lang='lat' dir='ltr'>jam</span> <span class='ocrx_word' id='word_1_228' title='bbox 492 1739 538 1764; x_wconf 84' lang='lat' dir='ltr'>ex</span> <span class='ocrx_word' id='word_1_229' title='bbox 558 1732 595 1764; x_wconf 90' lang='lat' dir='ltr'>te</span> <span class='ocrx_word' id='word_1_230' title='bbox 613 1726 819 1777; x_wconf 83' lang='lat' dir='ltr'>requiram,</span> <span class='ocrx_word' id='word_1_231' title='bbox 839 1726 972 1777; x_wconf 89' lang='lat' dir='ltr'>possis,</span> <span class='ocrx_word' id='word_1_232' title='bbox 993 1739 1157 1778; x_wconf 87' lang='lat' dir='ltr'>quorum</span> <span class='ocrx_word' id='word_1_233' title='bbox 1177 1728 1302 1767; x_wconf 83' lang='lat' dir='ltr'>studio</span> 
     </span>
     <span class='ocr_line' id='line_1_32' title="bbox 187 1778 1303 1833; baseline 0.004 -17"><span class='ocrx_word' id='word_1_234' title='bbox 187 1778 334 1825; x_wconf 83' lang='lat' dir='ltr'>tuleris,</span> <span class='ocrx_word' id='word_1_235' title='bbox 350 1779 563 1830; x_wconf 78' lang='lat' dir='ltr'>explicare3</span> <span class='ocrx_word' id='word_1_236' title='bbox 593 1779 645 1818; x_wconf 90' lang='lat' dir='ltr'>sic</span> <span class='ocrx_word' id='word_1_237' title='bbox 663 1793 732 1830; x_wconf 90' lang='lat' dir='ltr'>ego</span> <span class='ocrx_word' id='word_1_238' title='bbox 749 1780 822 1817; x_wconf 91' lang='lat' dir='ltr'>hoc</span> <span class='ocrx_word' id='word_1_239' title='bbox 841 1779 1041 1829; x_wconf 88' lang='lat' dir='ltr'>contendo,</span> <span class='ocrx_word' id='word_1_240' title='bbox 1060 1793 1124 1819; x_wconf 89' lang='lat' dir='ltr'>me</span> <span class='ocrx_word' id='word_1_241' title='bbox 1141 1781 1212 1820; x_wconf 89' lang='lat' dir='ltr'>tibi</span> <span class='ocrx_word' id='word_1_242' title='bbox 1229 1781 1303 1833; x_wconf 86' lang='lat' dir='ltr'>ipsi</span> 
     </span>
     <span class='ocr_line' id='line_1_33' title="bbox 187 1832 1301 1886; baseline 0.004 -16"><span class='ocrx_word' id='word_1_243' title='bbox 187 1832 414 1881; x_wconf 81' lang='lat' dir='ltr'>adversario,</span> <span class='ocrx_word' id='word_1_244' title='bbox 443 1833 717 1884; x_wconf 85' lang='lat' dir='ltr'>cujuscumque</span> <span class='ocrx_word' id='word_1_245' title='bbox 735 1833 854 1872; x_wconf 65' lang='lat' dir='ltr'>tribus</span> <span class='ocrx_word' id='word_1_246' title='bbox 872 1833 1058 1872; x_wconf 86' lang='lat' dir='ltr'>rationem</span> <span class='ocrx_word' id='word_1_247' title='bbox 1074 1836 1301 1886; x_wconf 78' lang='lat' dir='ltr'>poposceriS,</span> 
     </span>
     <span class='ocr_line' id='line_1_34' title="bbox 192 1885 445 1924; baseline 0 -1"><span class='ocrx_word' id='word_1_248' title='bbox 192 1885 445 1924; x_wconf 79' lang='lat' dir='ltr'>redditurum.</span> 
     </span>
    </p>

    <p class='ocr_par' dir='ltr' id='par_1_5' title="bbox 182 1939 1307 2209">
     <span class='ocr_line' id='line_1_35' title="bbox 238 1939 1301 1993; baseline 0.004 -16"><span class='ocrx_word' id='word_1_249' title='bbox 238 1939 335 1977; x_wconf 88' lang='lat' dir='ltr'>XX.</span> <span class='ocrx_word' id='word_1_250' title='bbox 364 1939 440 1978; x_wconf 87' lang='lat' dir='ltr'>Sed</span> <span class='ocrx_word' id='word_1_251' title='bbox 453 1951 521 1977; x_wconf 89' lang='lat' dir='ltr'>cur</span> <span class='ocrx_word' id='word_1_252' title='bbox 535 1953 604 1991; x_wconf 87' lang='lat' dir='ltr'>ego</span> <span class='ocrx_word' id='word_1_253' title='bbox 623 1940 675 1978; x_wconf 91' lang='lat' dir='ltr'>sic</span> <span class='ocrx_word' id='word_1_254' title='bbox 693 1943 795 1991; x_wconf 81' lang='lat' dir='ltr'>ago?</span> <span class='ocrx_word' id='word_1_255' title='bbox 825 1942 934 1992; x_wconf 86' lang='lat' dir='ltr'>quasi</span> <span class='ocrx_word' id='word_1_256' title='bbox 951 1953 1028 1979; x_wconf 85' lang='lat' dir='ltr'>non</span> <span class='ocrx_word' id='word_1_257' title='bbox 1043 1942 1207 1980; x_wconf 87' lang='lat' dir='ltr'>comitiis</span> <span class='ocrx_word' id='word_1_258' title='bbox 1217 1944 1301 1993; x_wconf 79' lang='lat' dir='ltr'>jam</span> 
     </span>
     <span class='ocr_line' id='line_1_36' title="bbox 187 1993 1307 2046; baseline 0.004 -16"><span class='ocrx_word' id='word_1_259' title='bbox 187 1993 445 2044; x_wconf 87' lang='lat' dir='ltr'>superioribus</span> <span class='ocrx_word' id='word_1_260' title='bbox 455 1993 503 2031; x_wconf 88' lang='lat' dir='ltr'>sit</span> <span class='ocrx_word' id='word_1_261' title='bbox 512 1994 691 2032; x_wconf 89' lang='lat' dir='ltr'>Plancius</span> <span class='ocrx_word' id='word_1_262' title='bbox 702 1994 918 2046; x_wconf 82' lang='lat' dir='ltr'>designatus</span> <span class='ocrx_word' id='word_1_263' title='bbox 929 1995 1059 2033; x_wconf 80' lang='lat' dir='ltr'>aedilis.</span> <span class='ocrx_word' id='word_1_264' title='bbox 1089 1996 1190 2043; x_wconf 82' lang='lat' dir='ltr'>Quoe</span> <span class='ocrx_word' id='word_1_265' title='bbox 1203 2009 1307 2035; x_wconf 85' lang='lat' dir='ltr'>oom-</span> 
     </span>
     <span class='ocr_line' id='line_1_37' title="bbox 182 2046 1302 2099; baseline 0.004 -15"><span class='ocrx_word' id='word_1_266' title='bbox 182 2046 252 2085; x_wconf 89' lang='lat' dir='ltr'>itia</span> <span class='ocrx_word' id='word_1_267' title='bbox 275 2046 447 2098; x_wconf 88' lang='lat' dir='ltr'>primum</span> <span class='ocrx_word' id='word_1_268' title='bbox 474 2047 613 2086; x_wconf 88' lang='lat' dir='ltr'>habere</span> <span class='ocrx_word' id='word_1_269' title='bbox 631 2048 742 2099; x_wconf 90' lang='lat' dir='ltr'>coepit</span> <span class='ocrx_word' id='word_1_270' title='bbox 767 2049 912 2097; x_wconf 90' lang='lat' dir='ltr'>consul,</span> <span class='ocrx_word' id='word_1_271' title='bbox 944 2062 1036 2087; x_wconf 89' lang='lat' dir='ltr'>cum</span> <span class='ocrx_word' id='word_1_272' title='bbox 1059 2050 1236 2089; x_wconf 88' lang='lat' dir='ltr'>omnibus</span> <span class='ocrx_word' id='word_1_273' title='bbox 1260 2050 1302 2089; x_wconf 86' lang='lat' dir='ltr'>in</span> 
     </span>
     <span class='ocr_line' id='line_1_38' title="bbox 183 2099 1303 2155; baseline 0.004 -17"><span class='ocrx_word' id='word_1_274' title='bbox 183 2101 298 2139; x_wconf 89' lang='lat' dir='ltr'>rebus</span> <span class='ocrx_word' id='word_1_275' title='bbox 314 2099 466 2140; x_wconf 62' lang='lat' dir='ltr'>summa</span> <span class='ocrx_word' id='word_1_276' title='bbox 476 2101 712 2151; x_wconf 87' lang='lat' dir='ltr'>auctoritate,</span> <span class='ocrx_word' id='word_1_277' title='bbox 733 2109 816 2140; x_wconf 88' lang='lat' dir='ltr'>tum</span> <span class='ocrx_word' id='word_1_278' title='bbox 836 2103 975 2140; x_wconf 87' lang='lat' dir='ltr'>harum</span> <span class='ocrx_word' id='word_1_279' title='bbox 989 2102 1159 2154; x_wconf 86' lang='lat' dir='ltr'>ipsarum</span> <span class='ocrx_word' id='word_1_280' title='bbox 1172 2103 1303 2155; x_wconf 87' lang='lat' dir='ltr'>legum</span> 
     </span>
     <span class='ocr_line' id='line_1_39' title="bbox 184 2154 1304 2209; baseline 0.004 -16"><span class='ocrx_word' id='word_1_281' title='bbox 184 2154 354 2194; x_wconf 71' lang='lat' dir='ltr'>ambitus</span> <span class='ocrx_word' id='word_1_282' title='bbox 373 2162 528 2195; x_wconf 81' lang='lat' dir='ltr'>auctor:</span> <span class='ocrx_word' id='word_1_283' title='bbox 558 2155 695 2196; x_wconf 86' lang='lat' dir='ltr'>deinde</span> <span class='ocrx_word' id='word_1_284' title='bbox 716 2155 855 2196; x_wconf 88' lang='lat' dir='ltr'>habere</span> <span class='ocrx_word' id='word_1_285' title='bbox 872 2156 985 2207; x_wconf 84' lang='lat' dir='ltr'>coepit</span> <span class='ocrx_word' id='word_1_286' title='bbox 1004 2157 1141 2207; x_wconf 88' lang='lat' dir='ltr'>subito,</span> <span class='ocrx_word' id='word_1_287' title='bbox 1168 2165 1304 2209; x_wconf 80' lang='lat' dir='ltr'>praeter</span> 
     </span>
    </p>
   </div>
  </div>
 </body>
</html>
