1425 2334
414 88 528 130 PRO
553 89 725 130 DOMO
755 90 877 131 SUA.
908 127 912 130 .
1125 94 1200 133 125

94 210 169 249 que
186 196 287 236 diem
306 195 338 235 si
355 209 432 248 qua
452 209 511 236 ιω
529 196 702 248 auspiciis
723 205 790 236 aut
814 198 1050 236 excusatione
1073 207 1199 238 sustu.

94 252 210 297 lisset,
230 258 308 289 tota
331 263 442 288 causa
460 250 723 302 judiciumque
742 252 944 289 tolleretur.
984 252 1066 290 Nec
1085 255 1199 292 verba

95 304 188 354 legis
205 304 296 342 vitio
311 311 461 349 carent3
492 312 580 341 sunt
599 305 699 341 enim
718 305 821 343 haec:
854 308 882 327 ‘⁶
895 304 1046 351 Velitis,
1064 306 1199 354 jubea.

98 357 159 403 tis,
180 364 224 395 ut
242 357 302 394 M.
316 357 448 395 Tullio
466 357 567 408 aqua
586 365 622 394 et
640 357 719 408 igni
737 358 977 396 interdictum
992 358 1038 395 sit
1052 359 1093 403 ;''
1113 372 1201 398 cum

98 410 187 448 ferri
208 410 392 456 debuerit,
426 412 454 432 ‘⁶
472 418 516 447 ut
537 410 823 458 interdicatur,”
849 423 940 456 non,
968 414 996 433 ‘⁶
1016 419 1059 448 ut
1087 411 1203 450 inter-

98 463 243 501 dictum
263 464 350 501 sit-’⁹
379 462 582 510 Quomodo
605 464 720 511 enim,
751 464 853 515 quod
871 464 1014 502 factum
1032 476 1108 502 non
1133 473 1201 514 est,

98 516 140 554 id
157 524 201 554 ut
219 516 266 554 sit
283 516 440 564 factum,
469 516 556 554 ferri
582 517 630 554 ad
655 519 856 568 populum,
885 525 951 555 aut
976 517 1097 556 verbis
1115 519 1204 557 ullis

100 569 248 616 sanciri,
273 578 340 607 aut
358 570 544 620 suffragiis
563 570 787 616 confirmari,
808 578 929 621 potest
946 573 963 608 Ρ
1001 570 1204 610 Peccatum

100 630 156 660 est
172 622 288 673 igitur
305 623 344 660 in
363 623 486 661 forma
504 623 621 674 legis:
653 624 746 675 quid
762 624 802 661 in
820 624 902 675 ipsa
921 622 1073 661 veritate
1090 627 1107 662 ἓ
1126 637 1203 663 non

101 675 230 713 minus
246 689 256 712 ι
287 676 466 726 scriptum
482 683 538 714 est
556 677 656 714 enim
672 691 682 713 :
706 680 733 699 “
747 676 863 723 Quod
882 677 942 714 M.
960 676 1113 715 Tullius
1132 677 1205 715 fal-

101 741 186 766 sum
199 728 287 767 S.C.
300 729 468 766 retulerit
476 730 517 767 :’'
538 730 605 780 qui
617 729 648 767 si
658 730 798 767 falsum
810 730 952 775 retulit,
962 737 1059 767 recte
1071 731 1207 782 scripta

99 782 163 820 lex
181 789 259 820 est:
290 782 321 820 si
335 794 481 829 verum,
497 783 604 820 nulla
621 790 687 820 est.
716 783 863 820 Verum
877 790 1005 820 autem
1018 784 1201 833 retulisse,

100 846 168 872 nec
185 835 311 886 ipsum
329 848 397 885 pro
416 848 484 873 suo
501 835 673 886 imperio,
687 835 750 873 sed
769 838 916 873 senatus
926 836 1048 884 jussu,
1061 835 1101 873 in
1116 849 1204 875 con-

97 888 242 936 juratos
261 887 578 936 animadvertisse,
605 896 753 926 senatus
771 888 864 939 ipse,
889 901 976 926 cum
995 901 1080 926 eum
1100 890 1205 927 resti-

99 941 186 988 tuit,
200 941 388 979 indicavit.
417 942 515 980 Sunt
529 942 644 992 igitur
655 941 734 980 haec
744 942 784 979 in
798 942 880 992 lege
892 942 1001 987 vitia,
991 956 1001 965 ·
1017 942 1201 992 primum,

99 994 202 1044 quod
219 994 296 1031 lata
320 994 544 1032 nominatim
570 1002 624 1032 est
649 994 695 1032 de
714 995 833 1045 capite
855 995 944 1032 civis
965 995 1200 1034 indemnati:

99 1047 275 1107 alterum,
296 1047 398 1098 quod
416 1048 602 1098 imperite,
618 1055 662 1085 ut
680 1048 920 1086 interdictum
939 1056 1032 1085 esset
1050 1061 1148 1099 aqua
1166 1056 1203 1086 et

99 1100 193 1150 igni,
214 1100 275 1138 cui
298 1100 468 1138 nondum
493 1101 733 1139 interdictum
761 1109 881 1139 esset.
911 1100 1079 1148 tertium,
1099 1102 1203 1152 quod

98 1153 215 1190 simul
234 1153 281 1190 de
307 1154 481 1204 pluribus
505 1156 642 1192 rebus.
674 1162 867 1204 quartum,
887 1153 990 1205 quod
1011 1167 1078 1204 per
1096 1155 1199 1192 vim.

95 1206 137 1243 id
155 1206 256 1257 quod
269 1206 456 1245 Lentulus
474 1207 633 1245 consul
622 1219 662 1243 m
680 1207 764 1258 lege
775 1207 881 1255 vidit,
902 1219 1018 1258 quam
1037 1207 1083 1244 de
1096 1207 1203 1245 Cice-

94 1260 196 1297 ronis
213 1259 335 1297 reditu
354 1260 466 1297 tulit:
491 1272 565 1298 non
586 1260 687 1298 enim
706 1260 807 1308 tulit,
830 1263 858 1282 “
877 1268 920 1297 ut
938 1260 972 1297 ei
985 1260 1110 1298 venire
1122 1261 1202 1298 Ro-

96 1324 201 1350 mam
219 1312 388 1361 liceret,'’
409 1313 473 1351 sed
493 1316 521 1336 “
540 1321 585 1351 ut
603 1313 786 1351 veniret.”
815 1313 963 1361 Quarta
973 1326 1060 1364 pars
1076 1314 1202 1352 Clodii

94 1366 353 1415 maledictum,
369 1367 552 1413 exsulem,
567 1368 637 1405 &c.
655 1365 872 1405 Ciceronem
885 1367 1122 1417 appellantis,
1143 1379 1202 1404 re-

94 1418 192 1456 fellit
210 1419 357 1458 duabus
375 1418 510 1468 causis,
527 1420 586 1458 vel
600 1420 702 1471 quod
720 1433 767 1458 ex
784 1428 948 1471 peccato,
962 1420 1021 1457 vel
1039 1419 1140 1470 quod
1153 1432 1200 1458 ex

97 1471 352 1519 damnatione,
377 1475 555 1511 subeatur
579 1473 719 1511 exsulis
737 1485 886 1511 nomen.
921 1473 1099 1511 Peccasse
1122 1485 1199 1521 me,

99 1525 238 1576 inquit,
269 1533 408 1576 negant
433 1539 591 1564 omnes:
620 1526 762 1577 optime
787 1526 833 1564 de
859 1526 981 1577 patria
1005 1526 1200 1574 meritum,

97 1581 259 1626 senatus,
279 1579 458 1630 equestris
476 1579 629 1626 ordinis,
653 1580 873 1627 scribarum,
892 1579 1012 1630 plebis
1029 1581 1198 1626 urbanae,

48 1632 53 1636 '
97 1631 138 1668 id
163 1639 229 1678 est,
260 1645 507 1683 paganorum,
529 1639 565 1670 et
587 1641 868 1681 montanorum,
897 1632 1060 1683 denique
1084 1632 1198 1670 etiam

95 1684 403 1735 municipiorum,
432 1686 676 1733 coloniarum,
701 1693 738 1724 et
755 1686 868 1723 totius
888 1686 1023 1732 Italiae,
1044 1685 1091 1723 de
1113 1697 1198 1723 meo

96 1737 218 1775 reditu
243 1737 389 1776 decreta
408 1738 609 1777 declarant.
647 1739 696 1776 In
721 1738 874 1776 ferenda
892 1751 978 1776 vero
995 1739 1092 1788 lege,
1113 1751 1198 1789 quae

96 1790 287 1828 celebritas
315 1803 485 1841 unquam
510 1793 634 1845 major
653 1792 786 1843 populi
812 1791 1010 1829 Romani.
1034 1798 1199 1842 quantus

95 1843 218 1881 omnis
225 1843 371 1892 generis
381 1844 595 1892 hominurn,
610 1852 780 1891 aetatum,
794 1844 1061 1895 ordinumque,
1073 1844 1199 1894 splen-

93 1896 191 1934 dor?
221 1896 338 1942 Quod
351 1896 399 1934 ad
410 1897 689 1936 damnationem
702 1898 848 1945 attinet,
863 1897 971 1935 exsul
985 1909 1061 1935 non
1081 1909 1192 1934 sum·

92 1949 332 1986 indemnatus
361 1950 462 1987 enim
487 1950 660 1996 discaesi3
698 1963 810 1988 nemo
834 1963 897 1988 me
921 1949 1001 1987 ulla
1023 1961 1197 2000 unquam

90 2002 172 2052 lege
186 2002 451 2052 interrogavit,
440 2016 450 2026 ·
471 2015 583 2041 nemo
596 2004 825 2055 postulavit,
814 2017 824 2026 ·
846 2016 958 2041 nemo
972 2003 1072 2040 diem
1085 2001 1196 2039 dixit.

89 2055 322 2093 Libertatem
337 2068 436 2102 vero,
457 2063 523 2093 aut
541 2056 743 2116 civitatem,
756 2057 926 2094 amittere
944 2056 1033 2094 civis
1047 2055 1193 2092 Roma-

86 2119 158 2146 nus
175 2120 287 2147 nemo
304 2115 439 2159 potest,
459 2109 531 2147 nisi
548 2117 676 2148 auctor
694 2110 773 2160 ipse
787 2109 907 2148 factus
922 2108 982 2147 sit.
1011 2107 1191 2146 Infirma-

82 2166 144 2200 tur
166 2161 291 2201 Clodii
322 2160 566 2202 maledi'ctum
591 2162 636 2202 ea
660 2176 813 2215 quoque
834 2162 991 2209 ratione,
1019 2159 1157 2212 quod'
1147 2171 1187 2197 m

835 2225 871 2253 M
892 2215 918 2253 3
