1455 2343
256 102 333 140 292
517 104 630 143 PRO
661 106 884 145 SEXTIO.
917 106 1021 145 CAP.
1043 108 1108 145 33.

255 208 371 301 {alem
382 222 449 261 per
464 209 557 250 alios
567 211 692 261 citius,
707 226 824 265 quam
835 227 906 266 per
924 227 963 253 se
976 213 1133 263 tardius,
1147 214 1278 253 confici
1290 227 1374 253 ma·

272 275 292 300 e
319 270 370 301 at.

310 317 522 357 XXXIII.
552 320 639 361 Hoc
661 321 812 359 interim
838 329 1021 374 tempore,
1049 322 1094 360 P.
1117 321 1285 369 Sextius,
1307 323 1373 371 ju-

256 370 370 419 dices,
391 371 621 424 designatus,
635 377 705 414 iter
723 376 772 413 ad
791 375 835 414 C.
853 376 1040 414 Caesarem
1061 388 1129 427 pro
1147 376 1234 413 mea
1253 375 1375 414 salute

257 426 431 476 suscepit.
470 427 578 474 Quid
604 429 733 481 egerit,
754 438 943 481 quantum
970 429 1182 481 profecerit,
1203 429 1299 466 nihil
1326 428 1375 467 ad

257 491 422 517 causam.
452 480 647 532 Equidem
660 483 848 532 existimo,
866 484 895 521 si
907 484 972 521 ille
981 487 1041 527 (ut
1052 483 1227 530 arbitror)
1241 495 1374 535 aequus

256 533 365 570 nobis
383 533 512 582 fuerit,
533 536 629 574 nihil
648 539 696 575 ab
715 537 785 575 hoc
796 537 1008 588 profectum
1026 551 1036 574 ι
1066 537 1124 575 sin
1142 537 1284 584 iratior,
1297 548 1375 574 non

256 587 451 625 multum:
483 589 547 626 sed
574 597 703 628 tamen
729 591 969 629 sedulitatem
989 598 1103 642 atque
1121 590 1376 641 integritatem

257 639 424 678 hominis
439 641 585 682 videtis.
615 644 816 695 Ingredior
831 645 913 694 jam
925 644 965 682 in
981 643 1103 683 Sextii
1115 644 1375 682 tribunatum:

258 705 350 730 nam
382 694 454 732 hoc
481 695 652 746 primum
671 699 755 746 iter,
770 698 1004 749 designatu8‚
1022 698 1241 749 reipublicae
1268 697 1381 735 causa

259 747 435 798 suscepit.
466 750 659 789 Pertinere
679 761 716 789 et
733 752 782 789 ad
801 752 1038 790 concordiam
1057 752 1198 789 civium
1215 750 1380 802 putavit,

261 807 299 837 et
316 801 365 838 ad
383 802 603 851 perficiendi
621 805 856 854 facultatem,
872 805 1046 844 animum
1060 804 1220 843 Caesaris
1234 817 1257 842 a
1267 804 1381 843 causa

259 865 336 891 non
351 855 562 895 abhorrere.

314 908 428 946 Abiit
451 909 516 947 ille
539 924 687 950 annus:
717 911 918 964 respirasse
941 911 1116 951 homines
1138 911 1378 960 videbantur,

260 962 435 1000 nondum
458 976 511 1010 re,
536 965 601 1003 sed
624 979 689 1017 spe
713 967 933 1017 reipublicae
955 965 1231 1018 recuperandae.
1260 965 1381 1003 Exie-

260 1023 365 1064 runt,
385 1017 497 1055 malis
511 1019 703 1058 ominibus
721 1028 835 1072 atque
854 1020 1184 1066 exsecrationibus,
1201 1019 1278 1057 duo
1297 1019 1383 1057 vul-
1403 1039 1407 1042 —

262 1069 354 1107 turii
381 1071 578 1121 paludati:
618 1074 759 1125 quibus
784 1075 933 1112 utinam
962 1074 1053 1126 ipsis
1082 1072 1291 1112 evenis‘sent
1322 1085 1380 1119 ea,

262 1137 351 1175 quae
369 1131 455 1162 tum
483 1126 656 1166 homines
680 1128 956 1179 precabantur!
986 1140 1112 1179 neque
1133 1139 1201 1165 nos
1227 1126 1382 1178 provin-

262 1178 362 1216 ciam
393 1178 663 1219 Macedoniam
694 1195 783 1220 cum
812 1182 993 1229 exercitu,
1021 1194 1146 1233 neque
1168 1180 1382 1232 equitatum

262 1231 303 1269 in
324 1232 448 1283 Syria,
470 1241 506 1272 et
524 1235 692 1273 cohortes
709 1236 888 1287 optimas,
911 1235 1219 1288 perdidissemus.

318 1286 462 1325 Ineunt
479 1289 746 1339 magistratum
771 1290 915 1328 tribuni
939 1289 1075 1341 plebis,
1101 1288 1170 1340 qui
1193 1300 1324 1325 omnes
1343 1300 1383 1326 se

265 1339 313 1377 de
331 1352 394 1377 me
411 1343 720 1392 promulgaturos
739 1343 1019 1382 confirmarant.
1050 1342 1114 1380 Ex
1127 1341 1188 1380 his
1206 1341 1383 1392 princeps

265 1393 406 1431 emitur
433 1396 481 1432 ab
504 1395 667 1434 inimicis
691 1397 785 1435 meis
804 1397 850 1443 is,
876 1410 991 1448 quem
1009 1395 1197 1443 homines,
1217 1396 1257 1433 in
1276 1395 1383 1432 luctu

265 1446 475 1493 irridentes,
510 1448 727 1487 Gracchum
753 1453 961 1496 vocabant3
992 1449 1175 1501 quoniam
1199 1449 1239 1486 id
1268 1448 1383 1486 etiam

264 1500 389 1537 fatum
408 1501 567 1540 civitatis
585 1502 605 1539 f
604 1503 673 1552 uit,
686 1511 731 1541 ut
744 1504 811 1542 illa
829 1517 876 1542 ex
888 1503 1096 1556 vepreculis
1109 1509 1276 1541 extracta
1289 1502 1385 1540 nite-

268 1554 361 1592 dula
390 1556 666 1606 rempublicam
697 1565 894 1596 conaretur
923 1558 1106 1596 arrodere.
1143 1557 1257 1594 Alter
1278 1569 1381 1601 vero,

268 1621 345 1646 non
364 1609 428 1647 ille
447 1610 630 1649 Serranus
645 1613 693 1649 ab
712 1620 849 1659 aratro,
865 1612 930 1650 sed
942 1625 989 1650 ex
1005 1612 1151 1649 deserto
1165 1609 1265 1648 Gavi
1278 1609 1384 1648 Oleli

267 1664 401 1702 horreo
415 1664 547 1702 calatis
558 1666 700 1715 granis,
713 1665 752 1702 in
766 1666 960 1704 Calatinos
971 1665 1113 1703 Atilios
1124 1663 1275 1710 insitus,
1291 1665 1383 1700 sub-

269 1718 337 1764 ito,
358 1717 577 1756 nominibus
595 1719 635 1756 in
653 1720 803 1757 tabulas
822 1719 963 1766 relatis,
979 1731 1117 1757 nomen
1133 1730 1249 1756 suum
1263 1717 1310 1754 de
1329 1723 1386 1754 ta-

268 1770 362 1810 bula
386 1772 552 1810 sustulit.
590 1773 764 1811 Veniunt
782 1773 961 1812 Calendae
979 1773 1008 1811 J
1010 1771 1168 1810 anuarii.
1202 1770 1285 1809 Vos
1303 1770 1384 1808 haec

261 1825 407 1864 ‘melius
426 1827 518 1863 scire
531 1827 709 1877 potestis:
732 1827 910 1879 equidem
925 1827 1054 1864 audita
1072 1826 1178 1864 dico:
1201 1838 1288 1876 quae
1298 1831 1383 1861 tum

267 1879 481 1931 frequentia
499 1883 662 1928 senatus,
682 1895 769 1932 quae
788 1880 1016 1932 exspectatio
1033 1879 1182 1931 populi,
1208 1877 1276 1930 qui
1294 1890 1383 1915 con-

269 1946 402 1972 cursus
420 1933 633 1984 legatorum
652 1948 699 1972 ex
715 1935 828 1972 Italia
847 1934 997 1981 cuncta,
1017 1947 1104 1985 quae
1122 1933 1256 1980 virtus,
1270 1930 1382 1976 actio,

269 1987 433 2038 gravitas
452 1987 498 2024 P.
520 1987 677 2025 Lentuli
696 1988 859 2026 consulis
876 1987 1004 2036 fuerit,
1031 2000 1118 2038 quae
1137 1986 1252 2024 etiam
1270 1984 1383 2023 colle-

267 2054 328 2091 gae
348 2041 429 2090 ejus
446 2040 653 2078 moderatio
677 2041 724 2080 de
748 2055 836 2087 me3
866 2041 933 2092 qui
959 2053 1048 2079 cum
1070 2039 1286 2078 inimicitias
1311 2037 1382 2075 sibi

268 2106 422 2133 mecum
441 2107 489 2132 ex
506 2094 722 2145 reipublicae
739 2095 968 2133 dissensione
987 2099 1177 2144 susceptas
1202 2105 1280 2131 esse
1297 2091 1384 2128 dix-

268 2147 368 2195 isset,
389 2161 451 2187 eas
469 2161 508 2186 se
525 2148 697 2200 patribus
711 2149 942 2201 conscriptis,
961 2148 1073 2198 dixit,
1093 2154 1131 2184 et
1149 2145 1384 2197 temporibus

264 2202 494 2258 reipublicae,
514 2202 799 2253 permissurum.
946 2221 951 2225 -
