1403 2343
240 75 318 114 348
522 83 637 125 PRO
666 87 868 132 COELIO.
899 95 1004 136 CAP.
1023 101 1064 137 5.

239 183 493 228 maledicere?
532 191 607 230 Sed
625 193 784 235 istarum
803 201 971 250 partium
999 206 1111 258 culpa
1134 216 1190 248 cst
1215 225 1344 256 eorum

237 236 305 286 qui
323 245 359 276 te
378 254 487 292 agere
507 245 731 295 voluerunt3
761 252 845 292 laus
862 257 1016 305 pudoris
1036 261 1106 307 tui,
1127 265 1229 314 quod
1248 281 1291 308 ea
1309 278 1345 309 te

237 288 401 331 invitum
421 296 540 336 dicere
559 300 805 352 videbamu83
835 307 991 360 ingenii,
1012 315 1115 364 quod
1133 327 1262 358 ornate
1279 336 1347 374 po-

236 340 379 395 liteque
397 348 538 389 dixisti.

291 399 365 437 IV.
398 402 558 452 Verum,
586 407 634 446 ad
662 409 773 450 istam
804 426 957 455 omnem
987 421 1194 463 orationem
1225 429 1348 478 brevis

237 457 292 488 est
310 453 487 495 defensio.
519 460 638 509 Nam,
660 466 785 514 quoad
804 476 893 507 aetas
912 471 973 509 M.
990 474 1099 513 Coelii
1118 477 1206 517 dare
1224 485 1348 532 potuit

235 502 297 541 isti
330 510 531 559 suspicioni
562 514 704 562 locum,
734 518 807 557 fuit
834 523 1003 571 primum
1033 527 1151 578 ipsius
1187 536 1345 587 pudore,

235 557 370 599 deinde
383 563 495 601 etiam
514 568 632 616 patris
651 569 845 621 diligentia
864 575 1152 632 disciplinaque,
1173 589 1345 629 munita:

236 612 317 661 qui,
335 623 377 652 ut
395 616 483 655 huic
503 619 648 659 virilem
662 629 790 673 togam
809 628 913 668 dedit
925 657 979 664 —
991 634 1104 676 (nihil
1122 637 1287 680 hocloco
1301 644 1349 682 de

233 676 316 704 me:
340 676 490 708 tantum
502 673 562 720 sit,
580 684 768 725 quantum
788 694 852 719 vos
872 684 1110 736 existimatis)
1126 691 1197 730 hoc
1209 695 1345 746 dicam,

234 716 336 758 hunc
351 735 373 759 a
392 731 498 774 patre
515 728 694 767 continuo
713 732 762 769 ad
781 746 843 772 me
868 749 946 775 esse
971 740 1188 783 deductum.
1219 749 1347 790 Nemo

233 770 336 812 hunc
362 776 422 814 M.
455 778 618 819 Coelium
638 782 677 820 in
706 784 772 823 illo
796 790 915 828 aetatis
941 792 1028 832 flore
1053 796 1160 845 vidit,
1190 801 1262 840 nisi
1281 812 1348 843 aut

233 837 321 865 cum
340 838 460 879 patre,
481 841 548 871 aut
567 848 732 885 mecum,
753 848 820 878 aut
847 843 888 880 in
913 845 974 882 M.
995 848 1121 888 Crassi
1139 854 1347 899 castissima

219 877 359 930 domo,
377 897 464 923 cum
485 888 628 926 artibus
645 889 918 935 honestissimis
938 901 1158 944 erudiretur.

286 936 406 985 Nam,
426 940 527 989 quod
541 942 714 982 Catilinae
725 946 961 990 familiaritas
976 956 1121 1004 objecta
1140 960 1258 1000 Coelio
1277 973 1344 1014 est,

233 987 346 1039 longe
364 993 411 1029 ab
436 993 508 1031 ista
533 997 743 1046 suspicione
762 1001 960 1044 abhorrere
979 1007 1101 1048 debet.
1138 1013 1226 1053 Hoc
1244 1018 1346 1069 enim

232 1041 465 1084 adolescente
486 1047 584 1086 scitis
615 1053 853 1093 consulatum
877 1070 1029 1099 mecum
1056 1066 1194 1114 petisse
1213 1069 1346 1110 Catili-

230 1106 343 1134 nam:
377 1100 425 1137 ad
445 1114 559 1151 quem
579 1104 610 1141 si
629 1107 794 1155 accessit,
816 1118 881 1148 aut
900 1113 931 1150 si
949 1127 972 1152 a
999 1128 1062 1154 me
1083 1118 1248 1161 discessit
1273 1139 1345 1164 un-

232 1162 349 1200 quam
365 1155 616 1205 (quamquam
632 1159 745 1197 multi
760 1162 849 1200 boni
864 1165 1114 1210 adolescentes
1127 1173 1184 1212 illi
1197 1176 1344 1218 homini

233 1214 398 1254 nequam
418 1215 532 1260 atque
556 1210 729 1261 improbo
749 1216 1018 1268 studuerunt);
1048 1232 1133 1264 tum
1153 1230 1344 1271 existime-

231 1265 293 1294 tur
324 1258 463 1299 Coelius
490 1264 664 1302 Catilinae
689 1267 855 1308 nimium
890 1273 1087 1316 familiaris
1112 1280 1238 1322 fuisse.
1285 1287 1345 1326 At

229 1310 331 1348 enim
357 1322 486 1363 postea
513 1317 651 1356 scimus
683 1327 720 1357 et
749 1322 928 1372 vidimus,
956 1342 1033 1368 esse
1065 1332 1167 1373 hunc
1184 1336 1224 1374 in
1243 1338 1345 1379 illius

229 1364 371 1402 amicis.
412 1368 511 1415 Quis
540 1374 684 1421 negat?
714 1375 779 1412 sed
809 1390 877 1428 ego
903 1380 1001 1420 illud
1027 1391 1178 1438 tempus
1210 1393 1342 1443 aetatis,

230 1418 347 1466 quod,
366 1419 494 1471 ipsum
513 1425 582 1462 sua
607 1433 739 1476 sponte
765 1427 978 1482 infirmum,
1007 1438 1168 1478 aliorum
1186 1443 1344 1486 libidine

228 1469 410 1511 infestum
429 1483 496 1522 est,
518 1477 557 1514 id
580 1478 745 1518 hocloco
763 1481 936 1524 defendo.
965 1490 1059 1529 Fuit
1073 1494 1244 1536 assiduus
1258 1512 1341 1539 me-

229 1536 330 1572 cum,
346 1536 504 1577 praetore
523 1543 608 1569 me:
640 1545 717 1570 non
732 1546 886 1577 noverat
905 1540 1134 1585 Catilinam:
1165 1551 1341 1594 Africam

227 1584 311 1615 tum
331 1589 467 1629 praetor
478 1583 542 1621 ille
553 1585 757 1625 obtinebat.
786 1591 946 1632 Secutus
958 1605 1014 1634 est
1025 1611 1166 1639 annus:
1188 1617 1340 1647 causam

227 1630 274 1668 de
292 1635 460 1683 pecuniis
484 1641 700 1688 repetundis
728 1641 893 1684 Catilina
922 1648 1031 1688 dixit.
1071 1653 1232 1695 Mecum
1262 1670 1341 1700 erat

227 1683 290 1723 hic
306 1701 316 1723 z
346 1687 403 1724 illi
421 1701 468 1727 ne
487 1692 688 1733 advocatus
708 1696 863 1745 quidem
886 1703 987 1741 venit
1005 1718 1189 1757 unquam.
1219 1711 1340 1753 Dein-

228 1751 313 1789 ceps
325 1740 397 1779 fuit
416 1755 551 1794 annus,
573 1761 649 1798 quo
675 1760 743 1797 ego
762 1755 1000 1795 consulatum
1018 1760 1157 1810 petivi:
1187 1769 1340 1815 petebat

229 1791 394 1832 Catilina
408 1808 570 1837 mecum.
601 1801 815 1852 Nunquam
834 1807 883 1845 ad.
900 1809 1012 1849 illum
1031 1817 1205 1855 accessit:
1235 1833 1258 1858 a
1275 1834 1339 1862 me

228 1858 427 1899 nunquam
442 1854 599 1891 recessit.

281 1901 332 1939 V.
363 1903 441 1941 Tot
458 1905 574 1956 igitur
601 1921 718 1951 annos
738 1921 906 1954 versatus
932 1917 973 1956 in
999 1920 1082 1959 foro
1109 1923 1190 1963 sine
1217 1929 1340 1980 suspi-

226 1954 345 2003 cione,
367 1957 447 1995 sine
471 1959 644 2009 infamia,
665 1967 810 2005 studuit
829 1968 1003 2010 Catilinae
1026 1974 1165 2016 iterum
1181 1983 1337 2030 petenti.

225 2007 354 2054 Quem
364 2023 452 2061 ergo
463 2013 511 2050 ad
523 2013 638 2054 finem
650 2028 762 2068 putas
775 2023 1058 2065 custodiendam
1069 2028 1176 2069 illam
1188 2042 1338 2074 aetatem

226 2060 372 2102 fuisse?
402 2065 525 2105 Nobis
545 2070 700 2120 quidem
716 2075 808 2112 olim
827 2089 948 2116 annus
967 2088 1046 2118 erat
1059 2095 1158 2122 unus
1172 2087 1222 2124 ad
1235 2090 1338 2127 cohi-

227 2116 396 2156 bendum
410 2120 607 2160 brachium
621 2127 708 2177 toga
722 2129 960 2180 constitutus,
971 2140 1007 2171 et
1019 2142 1065 2173 ut
1076 2140 1339 2182 exercitatione

223 2168 392 2223 ludoque
402 2177 602 2226 campestri
616 2181 775 2220 tunicati
787 2191 981 2224 uteremur
993 2201 1003 2224 :
1026 2189 1154 2229 eadem
1160 2207 1233 2244 que
1245 2205 1337 2244 erat,
