1435 2308
347 95 461 135 PRO
490 93 724 135 FLACCO.
754 94 859 133 CAP.
887 95 924 133 4.
1166 97 1191 133 5

135 201 338 241 Timolites
357 202 422 241 ille
435 202 604 249 vicanus,
622 203 738 241 homo
755 214 831 240 non
851 202 965 240 modo
984 201 1106 249 nobis,
1127 202 1192 240 sed

81 268 130 294 ne
158 256 255 294 inter
283 269 370 294 suos
395 256 550 307 quidem
580 265 705 303 notus,
730 269 795 294 vos
819 255 980 302 docebit,
1001 255 1125 306 qualis
1143 255 1192 293 sit

77 310 130 347 L.
162 309 351 347 Flaccus?
380 322 495 360 quern
530 321 594 347 vos
624 309 943 347 modestissimum
978 309 1192 346 adolescen-

81 370 174 409 tem,
195 363 396 414 provinciae
416 363 596 401 maximae
616 363 893 400 sanctissimum
913 363 1052 409 virum,
1073 362 1191 400 nostri

81 417 266 454 exercitus
295 416 542 454 fortissimum
561 416 737 464 militem,
758 416 1091 466 diligentissimum
1119 415 1191 452 du-

78 482 176 516 cem,
208 470 565 520 temperatissimum
595 471 764 520 legatum
794 477 1109 520 quaestoremque,
1129 480 1192 506 co-

78 531 319 573 gnoverunt;
352 536 468 573 quem
506 536 571 561 vos
607 530 808 574 praesentes
844 522 1190 560 constantissimum

80 583 304 622 senatorem,
331 576 586 625 justissimum
605 584 818 627 praetorem,
845 584 959 626 atque
978 575 1192 613 amantissi-

79 641 190 667 mum
212 629 429 681 reipublicae
459 630 593 678 civem,
620 630 847 679 judicastis?
877 630 938 667 De
957 629 1096 680 quibus
1124 642 1191 667 vos

78 683 163 720 aliis
187 690 298 722 testes
327 695 406 722 esse
433 683 590 731 debetis,
620 683 667 721 de
692 683 737 721 iis
765 683 838 734 ipsi
863 683 955 720 alios
980 690 1092 721 testes
1119 695 1189 720 au-

79 736 189 774 dietis
203 739 220 775 Ρ

134 790 210 828 IV.
238 789 298 828 At
315 803 410 841 quos
428 797 538 828 testes
555 793 573 829 Ρ
602 789 771 841 primurn
789 789 914 827 dicam
934 789 1003 837 (id,
1017 789 1120 840 quod
1132 795 1189 827 est

79 850 299 890 commune)
327 844 477 881 Graecos
494 858 503 881 :
534 856 610 881 non
629 857 706 894 quo
724 844 867 881 nationi
891 843 981 881 huic
1000 855 1069 892 ego
1086 855 1188 881 unus

79 896 249 935 maxime
276 897 388 934 fidem
410 897 610 948 derogem:
642 909 747 945 nam,
775 897 806 934 si
837 897 923 947 quis
947 909 1119 946 unquam
1139 896 1187 933 de

79 950 217 988 nostris
235 950 453 988 hominibus
473 963 496 988 a
512 963 647 1001 genere
666 951 751 997 isto,
773 950 897 988 studio
916 963 959 987 ac
976 950 1184 996 voluntate,

77 1015 155 1040 non
174 1003 378 1042 abhorrens
402 1004 502 1048 fuit;
531 1016 594 1041 me
625 1011 663 1042 et
686 1017 763 1041 esse
792 1004 965 1051 arbitror,
996 1010 1033 1041 et
1063 1002 1186 1053 magis

76 1056 190 1094 etiam
210 1064 307 1104 tum,
328 1069 416 1095 cum
443 1058 531 1108 plus
555 1065 634 1094 erat
657 1057 738 1104 otii,
766 1056 881 1094 fuisse
901 1072 911 1094 ε
942 1056 1006 1094 sed
1025 1064 1113 1094 sunt
1145 1056 1185 1094 in

76 1109 143 1146 illo
161 1122 320 1148 numero
338 1111 452 1147 multi
470 1110 574 1157 boni,
606 1110 721 1156 docti,
740 1111 938 1161 pudentes,
960 1111 1027 1160 qui
1046 1110 1094 1147 ad
1112 1110 1184 1147 hoc

69 1162 260 1212 judicium
279 1163 431 1202 deducti
447 1176 522 1202 non
552 1171 666 1209 sunt;
696 1164 809 1202 multi
834 1163 1088 1214 impudentes,
1108 1164 1184 1201 illi-

74 1217 198 1265 terati,
229 1217 343 1265 levoe,
367 1231 462 1268 quos
489 1217 600 1255 variis
625 1217 672 1255 de
696 1217 816 1255 causis
834 1217 943 1255 video
968 1217 1182 1256 concitatos.

73 1269 354 1308 Verumtamen
377 1271 449 1309 hoc
476 1271 560 1309 dico
588 1271 635 1309 de
665 1278 743 1308 toto
767 1283 902 1322 genere
932 1271 1152 1309 Graecorum
1169 1286 1181 1309 ε

75 1323 202 1361 tribuo
219 1323 294 1361 illis
311 1324 451 1372 literas,
472 1324 521 1362 do
539 1325 749 1362 multarum
769 1325 909 1362 artium
928 1325 1182 1376 disciplinam,

73 1389 151 1414 non
176 1376 304 1414 adimo
328 1378 510 1416 semionis
534 1378 716 1428 leporem,
742 1378 982 1428 ingeniorum
1007 1391 1184 1427 acumen,

73 1430 224 1468 dicendi
241 1431 413 1482 copiam:
443 1431 607 1482 denique
631 1431 760 1477 etiam,
787 1432 819 1469 si
838 1444 914 1483 qua
939 1432 1010 1470 sibi
1028 1433 1103 1470 alia
1121 1446 1185 1471 su-

74 1490 202 1532 munt,
233 1496 310 1522 non
340 1497 533 1536 repugno:
564 1484 865 1523 testimoniorum
894 1486 1113 1536 religionem
1147 1494 1185 1525 et

73 1536 189 1575 fidem
208 1549 407 1589 nunquam
426 1535 506 1576 ista'
524 1539 628 1576 natio
646 1538 761 1576 coluit
777 1553 788 1585 ;
818 1539 1010 1590 totiusque
1027 1540 1187 1589 hujusce

73 1590 130 1628 rei
147 1603 234 1641 quae
262 1591 310 1629 sit
328 1592 398 1638 vis,
418 1605 505 1642 quae
526 1591 740 1639 auctoritas,
767 1593 870 1643 quod
888 1592 1052 1643 pondus,
1075 1594 1185 1644 igno-

74 1650 172 1681 rant.
202 1644 316 1682 Unde
339 1644 437 1682 illud
466 1652 534 1692 est,
564 1648 591 1667 “
610 1644 674 1682 Da
696 1645 793 1683 mihi
818 1646 1077 1684 testimonium
1095 1659 1183 1684 mu-

75 1703 188 1734 tuur'n
204 1698 250 1736 ?”
270 1710 365 1735 num
382 1698 597 1745 Gallorum,
607 1711 702 1735 num
711 1699 986 1750 Hispanorum,
996 1702 1183 1751 putatur?

75 1749 224 1788 Totum
248 1751 351 1789 istud
371 1751 592 1790 Graecorum
619 1759 698 1797 est3
731 1759 772 1789 ut
798 1753 926 1801 etiam,
953 1753 1020 1803 qui
1051 1752 1184 1791 Graece

75 1804 262 1851 nesciunt,
294 1805 380 1853 hoc,
414 1805 554 1856 quibus
583 1805 705 1843 verbis
734 1819 758 1843 a
785 1806 928 1844 Graecis
951 1805 1026 1844 dici
1051 1807 1182 1854 soleat,

76 1856 206 1894 sciant.
236 1857 373 1909 Itaque
406 1858 541 1907 videte,
579 1871 656 1909 quo
691 1859 814 1907 vultu,
846 1860 924 1910 qua
956 1860 1184 1899 confidentia

76 1909 227 1947 dicant:
257 1917 342 1948 turn
359 1911 590 1962 intelligetis,
606 1912 684 1963 qua
702 1912 881 1962 religione
899 1913 1036 1950 dicant.
1067 1914 1107 1951 N
1111 1927 1183 1952 un-

77 1975 196 2013 quam
224 1964 332 2002 nobis
355 1964 404 2002 ad
421 1972 597 2015 rogatum
622 1966 870 2015 respondent:
902 1979 1049 2017 semper
1073 1980 1184 2005 accu-

76 2016 189 2053 satori
206 2017 307 2066 plus,
327 2030 444 2068 quam
463 2018 512 2055 ad
539 2025 725 2068 rogatum.
757 2019 970 2070 Nunquam
994 2021 1182 2069 laborant,

77 2069 403 2119 quemadmodum
430 2073 604 2122 probent,
635 2071 739 2122 quod
760 2072 923 2118 dicunt3
953 2073 1017 2110 sed
1050 2085 1185 2123 quem-

79 2121 288 2160 admodum
308 2136 347 2161 se
364 2124 553 2175 explicent
580 2124 752 2163 dicendo.
782 2125 909 2163 Iratus
928 2126 1064 2164 Flacco
1087 2125 1186 2163 dixit

78 2175 147 2214 M.
170 2175 310 2227 Lurco,
345 2177 448 2229 quod
472 2180 533 2222 (ut
558 2177 639 2229 ipse
656 2177 796 2227 aiebat)
823 2178 980 2217 libertus
1009 2184 1088 2216 erat
1106 2178 1187 2227 ejus

842 2242 869 2269 Β
898 2232 923 2268 3
