1435 2328
212 89 261 127 10
465 91 580 131 PRO
609 91 846 133 FLACCO.
877 92 983 132 CAP.
1007 87 1069 132 10'.

207 204 369 243 sentem,
401 198 482 250 qui,
515 200 623 238 nullo
652 200 886 252 impellente,
919 201 1119 247 fallebant,
1152 211 1229 248 eos,
1262 211 1327 236 ur-

206 259 320 300 gente
351 251 487 302 Laelio,
519 253 560 290 in
590 256 802 303 absentem,
827 262 864 293 et
889 254 929 292 in
953 255 1001 293 L.
1030 254 1228 301 Flaccum,
1259 258 1328 290 aut

208 304 362 343 timidos
380 305 496 344 fuisse
514 314 582 345 aut
600 308 792 359 religiosos
811 316 1004 360 putamus.

264 359 340 397 Sed
364 359 507 398 fuerint
536 361 764 413 incorruptae
788 363 907 401 literae
936 361 1065 399 domi:
1095 372 1200 398 nunc
1224 372 1327 406 vero,

209 425 332 462 quam
346 413 485 452 habere
493 416 770 463 auctoritatem,
786 424 853 453 aut
864 429 981 467 quam
995 415 1125 462 fidem,
1139 420 1298 465 possunt
1311 415 1329 452 Ρ

209 466 360 504 Triduo
379 467 443 506 lex
463 468 510 506 ad
529 477 731 520 praetorem
750 470 900 517 deferri,
930 469 1106 519 judicum
1126 467 1242 519 signis
1261 468 1329 505 ob-

209 519 367 570 signari,
399 523 510 570 jubet
527 537 537 560 2
568 523 756 562 tricesimo
793 523 855 561 die
891 524 956 561 vix
994 522 1227 560 deferuntur.
1266 521 1331 559 Ne

209 575 402 625 corrumpi
421 577 562 614 tabulae
580 577 690 615 facile
708 577 867 629 possint,
883 577 1021 616 idcirco
1034 577 1099 614 lex
1113 575 1330 626 obsignatas

209 627 251 664 in
281 629 435 679 publico
464 630 557 681 poni
589 631 734 669 voluit:
777 638 816 668 at
845 631 1095 682 obsignantur
1130 636 1329 680 corruptae.

212 680 321 728 Quid
340 682 453 721 refert
470 684 601 734 igitur,
634 692 740 722 tanto
758 693 844 736 post
862 685 911 723 ad
933 684 1080 734 judices
1097 683 1330 731 deferantur,

209 747 259 772 an
280 736 436 774 omnino
456 750 532 775 non
552 738 798 776 deferantur?

266 789 320 826 X.
351 790 474 838 Quid,
503 791 534 829 si
553 792 707 830 testium
734 792 905 830 studium
931 805 1021 831 cum
1041 797 1254 830 accusatore
1272 802 1333 828 so-

209 842 356 880 ciatum
386 847 475 883 est?
507 852 686 884 tamenne
715 846 777 883 isti
807 854 918 884 testes
947 844 1221 884 habebuntur?
1252 843 1333 883 Ubi

211 904 267 933 est
296 896 414 947 igitur
445 898 512 936 illa
542 900 785 950 exspectatio,
820 913 907 951 quae
939 899 1078 938 versari
1106 899 1148 936 in
1174 897 1329 947 judiciis

214 950 339 988 solet?
371 952 478 989 Nam
497 961 622 1001 antea,
649 966 736 991 cum
758 954 906 991 dixerat
925 960 1117 991 accusator
1144 953 1277 990 acriter
1296 957 1334 989 et

213 1004 470 1054 vehementer,
491 1019 657 1057 cumque
676 1007 848 1046 defensor
863 1007 1083 1058 suppliciter
1095 1005 1334 1057 demisseque

214 1058 484 1108 responderat;
515 1061 647 1098 tertius
672 1061 737 1098 ille
763 1068 841 1099 erat
870 1068 1108 1112 exspectatus
1131 1059 1237 1097 locus
1259 1067 1333 1097 tes-

214 1111 328 1158 tium,
350 1113 418 1163 qui
437 1121 504 1151 aut
522 1114 602 1152 sine
620 1114 701 1152 ullo
721 1115 845 1152 studio
864 1114 1053 1160 dicebant,
1074 1121 1141 1151 aut
1153 1126 1243 1151 cum
1255 1113 1333 1151 dis-

215 1165 458 1205 simulatione
479 1167 610 1218 aliqua
629 1168 859 1218 cupiditatis.
896 1168 985 1206 Hoc
1009 1181 1097 1206 vero
1122 1167 1217 1219 quid
1242 1168 1332 1206 est?

214 1219 306 1257 Una
324 1220 467 1269 sedent,
490 1234 537 1259 ex
560 1230 823 1260 accusatorum
849 1222 1036 1260 subselliis
1059 1228 1235 1272 surgunt,
1255 1233 1334 1258 non

215 1272 474 1321 dissimulant,
511 1287 588 1312 non
618 1283 808 1314 verentur.
849 1275 912 1314 De
941 1275 1130 1314 subselliis
1160 1287 1298 1326 queror
1315 1276 1333 1313 ἓ

216 1327 297 1365 ιιηέι
316 1340 363 1365 ex
381 1328 495 1366 domo
513 1329 714 1380 prodeunt.
745 1330 786 1368 Si
811 1331 926 1368 verbo
944 1329 1160 1378 titubarint,
1181 1341 1260 1380 quo
1277 1341 1336 1366 re-

216 1388 425 1430 vertantur,
454 1394 531 1419 non
553 1383 762 1421 habebunt.
792 1384 861 1421 An
891 1383 1096 1435 quisquam
1125 1395 1204 1421 esse
1231 1382 1337 1421 testis

217 1441 355 1485 potest,
377 1449 493 1486 quem
513 1444 705 1475 accusator
725 1438 804 1475 sine
823 1436 912 1475 cura
930 1437 1147 1488 interroget,
1167 1449 1236 1474 nec
1254 1449 1337 1474 me-

218 1495 318 1535 tuat,
340 1501 388 1526 ne
414 1489 485 1527 sibi
510 1490 670 1541 aliquid,
695 1491 799 1542 quod
824 1491 905 1542 ipse
930 1491 1040 1537 nolit,
1075 1489 1301 1542 respondeat
1317 1492 1336 1528 ἓ

218 1541 300 1579 Ubi
320 1550 374 1580 est
387 1543 505 1593 igitur
523 1543 590 1581 illa
603 1544 687 1582 laus
700 1545 871 1592 oratoris,
885 1559 972 1596 quae
991 1545 1051 1582 vel
1068 1544 1109 1582 in
1124 1550 1339 1582 accusatore

217 1602 343 1643 antea,
365 1597 425 1634 vel
443 1597 483 1634 in
502 1605 676 1648 patrono,
697 1599 856 1650 spectari
875 1600 1019 1636 solebat
1032 1599 1050 1635 ἰ’
1079 1599 1188 1636 Bene
1202 1605 1337 1636 testem

217 1649 488 1701 interrogavit:
520 1651 654 1690 callide
670 1653 848 1691 accessit:
878 1652 1142 1703 reprehendit:
1174 1664 1252 1703 quo
1270 1664 1338 1690 vo-

218 1703 307 1750 luit,
328 1704 515 1742 adduxit:
546 1706 720 1753 convicit,
741 1714 778 1744 et
796 1707 988 1757 elinguem
1007 1705 1183 1744 reddidit.

275 1757 384 1804 Quid
402 1764 445 1795 tu
473 1758 590 1796 istum
610 1773 732 1811 roges,
762 1760 874 1808 Laeli,
903 1760 985 1811 qui,
1005 1760 1231 1811 priusquam
1248 1759 1336 1807 hoc,

222 1812 251 1833 “
266 1811 326 1849 Te
345 1813 480 1862 rogo,''
509 1812 663 1860 dixeris,
683 1814 795 1865 plura
814 1814 928 1852 etiam
948 1813 1133 1861 effundat,
1154 1826 1273 1864 quam
1292 1820 1337 1851 tu

221 1865 258 1903 ei
276 1864 381 1902 domi
399 1873 487 1903 ante
510 1868 808 1919 praescripseris?
839 1867 947 1914 Quid
967 1880 1036 1918 ego
1058 1874 1187 1904 autem
1206 1867 1338 1904 defen-

222 1932 284 1956 sor
302 1931 433 1969 rogem
451 1922 467 1958 ‚⁹
497 1932 587 1958 nam
608 1929 675 1959 aut
692 1921 810 1959 oratio
829 1921 984 1959 testium
1003 1920 1124 1958 refelli
1143 1921 1251 1967 solet,
1272 1927 1340 1958 aut

223 1972 302 2010 vita
318 1973 418 2010 laedi.
449 1973 541 2021 Qua
552 1974 807 2026 disputatione
821 1976 1031 2013 orationem
1050 1973 1221 2012 refellam
1240 1975 1338 2024 ejus,

223 2026 293 2076 qui
305 2026 410 2073 dicit,
432 2029 460 2050 “
476 2027 710 2077 Dedimus,’'
734 2029 832 2066 nihil
843 2029 1009 2080 amplius
1026 2031 1043 2066 Ρ
1074 2028 1124 2066 In
1142 2027 1340 2066 hominem

223 2079 431 2118 dicendum
467 2088 523 2119 est
547 2081 679 2132 igitur,
705 2095 794 2121 cum
826 2083 946 2121 oratio
971 2081 1341 2133 argumentationem

223 2145 303 2171 non
327 2134 454 2172 habet.
484 2135 594 2183 Quid
622 2136 747 2175 dicam
777 2136 819 2174 in
847 2136 1058 2187 ignotum?
1088 2134 1339 2182 Querendum

222 2195 280 2226 est
299 2201 388 2240 ergo
408 2196 446 2228 et
464 2189 742 2241 deplorandum
762 2190 832 2239 (id,
853 2189 956 2242 quod
972 2188 1204 2240 Jamdudum
1226 2187 1341 2236 facio)
