1455 2343
172 91 247 128 264
442 92 554 131 PRO
584 91 806 130 SEXTIO.
838 92 942 129 CAP.
973 92 1009 128 23.

171 196 276 236 mine
295 200 355 242 (ut
373 199 543 252 plerique
562 200 802 244 meministis)
823 207 859 236 et
884 199 1064 250 sapiente,
1086 204 1122 235 et
1141 204 1281 238 sancto.

172 257 210 288 et
221 265 373 298 severo;
394 253 474 304 qui,
496 267 583 292 cum
604 254 778 291 tribunus
796 253 917 304 plebis
935 252 1082 303 primus
1100 252 1197 289 inter
1216 251 1290 294 ho·-

173 305 296 344 mines
314 307 565 346 nobilissimos
596 308 828 359 temporibus
853 306 1007 358 optimis
1033 306 1154 343 factus
1175 312 1282 346 esset,

173 359 328 411 reliquis
346 361 552 400 honoribus
582 374 658 399 non
677 370 757 399 tam
780 361 837 398 uti
856 360 988 406 voluit,
1009 372 1127 411 quam
1145 359 1285 409 dignus

174 411 303 451 videri.
334 415 394 453 Eo
423 423 587 462 auctore,
615 416 726 453 duxit
753 413 1006 458 honestissimi
1028 420 1064 451 et
1093 412 1285 464 spectatis-

175 465 262 505 simi
280 468 364 516 viri,
396 469 441 507 C.
461 469 612 511 Albiniq
645 469 791 514 filiam3
822 481 869 506 ex
899 467 977 518 qua
1006 467 1068 505 hic
1091 474 1146 504 est
1173 479 1283 518 puer,

177 528 214 558 et
232 529 353 573 nupta
377 523 460 572 jam
479 523 568 561 filia.
598 523 762 560 Duobus
786 521 847 560 his
872 520 1102 571 gravissimae
1120 520 1287 571 antiqui-

176 576 263 614 tatis
282 575 370 614 viris
389 577 440 614 sic
458 579 638 627 probatus
657 576 745 622 fuit,
760 583 805 613 ut
819 575 971 625 utrique
982 586 1112 612 eorum
1125 581 1162 611 et
1179 587 1287 612 carus

177 628 346 668 maxime
379 638 415 668 et
445 631 638 679 jucundus
669 636 776 667 esset.
807 628 968 666 Ademit
996 627 1144 665 Albino
1173 628 1288 666 soceri

177 695 317 722 nomen
347 696 448 721 mors
467 684 580 729 ffliae3
611 683 676 722 sed
702 683 895 721 caritatem
921 681 1025 720 illius
1046 681 1289 720 necessitudi-

178 737 236 775 nis
270 745 306 775 et
332 738 635 776 benevolentiam
661 750 737 775 non
762 736 931 774 ademit:
961 734 1074 773 hodie
1104 735 1158 773 sic
1187 735 1290 772 hunc

178 788 317 842 diligit,
331 799 375 829 ut
394 804 458 829 vos
477 791 657 830 facillime
671 791 826 842 potestis
838 803 884 828 ex
902 790 975 828 hac
993 789 1053 827 vel
1071 788 1290 827 assiduitate

179 846 275 893 ejus,
296 846 355 883 vel
374 845 625 884 sollicitudine
645 853 681 883 et
699 844 884 890 molestia,
903 843 1082 893 judicare.

234 899 362 937 Duxit
391 912 564 946 uxorem,
591 906 698 951 patre
727 899 828 947 vivo,
856 897 1005 949 optimi,
1039 904 1079 935 at
1097 896 1292 935 calamito-

180 952 317 991 sissimi
350 953 421 991 viri
453 953 587 1000 filiam,
619 953 665 991 C.
701 952 897 1004 Scipionis.
930 951 1044 989 Clara
1072 950 1113 987 in
1142 951 1214 989 hoc
1244 951 1290 988 P.

181 1007 303 1045 Sextii
316 1007 436 1058 pietas
455 1008 611 1053 exstitit,
632 1014 670 1045 et
688 1007 865 1045 omnibus
879 1013 1000 1057 grata,
1014 1004 1118 1057 quod
1129 1011 1166 1042 et
1184 1004 1294 1043 Mas-

182 1060 307 1098 siliam
326 1061 453 1099 statim
472 1061 662 1113 profectus
681 1068 750 1108 est,
770 1068 814 1098 ut
833 1072 1003 1098 socerum
1021 1058 1147 1098 videre
1165 1070 1295 1096 conso-

182 1114 329 1166 larique
360 1123 499 1166 posset,
536 1115 713 1153 fluctibus
755 1113 973 1165 reipublicae
1002 1113 1221 1163 expulsum,
1254 1111 1296 1150 in

182 1169 315 1206 alienis
341 1170 448 1207 terris
474 1170 678 1219 jacentem,
709 1181 826 1220 quem
848 1168 888 1205 in
918 1167 1110 1216 majorum
1139 1177 1296 1204 suorum

184 1222 349 1273 vestigiis
368 1230 464 1261 stare
493 1225 690 1274 oportebat
706 1237 716 1260 ε
748 1229 785 1260 et
803 1221 851 1259 ad
881 1233 971 1259 eum
989 1220 1109 1258 filiam
1128 1220 1210 1269 ejus
1228 1219 1296 1258 ad-

184 1275 310 1324 duxit,
344 1286 402 1323 ut,
429 1277 495 1314 illo
525 1277 713 1328 insperato
745 1276 924 1327 adspectu
950 1274 1243 1324 complexuque,
1263 1273 1297 1310 si

186 1342 263 1367 non
282 1342 450 1377 omnem,
472 1338 511 1368 at
539 1330 709 1381 aliquam
728 1336 874 1380 partem
893 1327 1061 1366 moeroris
1087 1327 1159 1375 sui,
1180 1327 1298 1378 depo-

186 1390 315 1422 neret:
345 1391 382 1422 et
400 1384 579 1421 maximis
599 1383 729 1421 officiis
748 1390 785 1420 et
802 1382 904 1420 illius
923 1392 1149 1427 aerumnam,
1170 1379 1296 1432 quoad

186 1437 302 1485 vixit,
316 1444 353 1475 et
366 1437 454 1475 filiae
469 1437 725 1484 solitudinem,
745 1435 978 1474 sustentavit.
999 1435 1161 1472 Possum
1174 1434 1298 1472 multa

187 1491 309 1529 dicere
327 1491 374 1529 de
392 1491 630 1538 liberalitate,
651 1491 697 1528 de
716 1489 930 1528 domesticis
949 1488 1094 1535 officijs,
1110 1487 1157 1525 de
1176 1488 1297 1526 tribu-

188 1552 280 1582 natu
299 1544 471 1592 militari,
498 1544 544 1582 de
562 1544 781 1596 provinciali
807 1544 848 1580 in
873 1555 916 1581 eo
938 1542 1164 1593 magistratu
1183 1541 1299 1580 absti-

188 1597 342 1637 nentia:
374 1599 439 1637 sed
458 1598 554 1636 mihi
584 1605 670 1636 ante
689 1597 816 1636 oculos
845 1599 1064 1635 obversatur
1081 1595 1301 1647 reipublicae

189 1652 368 1704 dignitas,
399 1666 486 1704 quae
510 1665 573 1690 me
596 1651 644 1690 ad
665 1664 744 1690 sese
772 1651 885 1702 rapit,
905 1650 986 1689 haec
1009 1649 1159 1688 minora
1187 1649 1301 1687 relin-

187 1719 307 1757 quere
324 1707 511 1744 hortatur.

245 1759 423 1808 Quaestor
441 1760 503 1798 hic
523 1759 568 1799 C.
585 1759 762 1806 Antonii,
777 1761 929 1810 collegae
947 1758 1038 1805 mei,
1055 1756 1214 1807 judices,
1226 1756 1301 1795 fuit

190 1821 302 1862 sorte,
322 1813 388 1852 sed
407 1814 580 1853 societate
595 1814 835 1853 consiliorum
849 1826 982 1851 mensa
999 1811 1193 1863 Impedior
1205 1823 1300 1848 non-

191 1868 336 1906 nullius
348 1868 459 1906 officii
476 1871 536 1912 (ut
550 1881 619 1918 ego
633 1869 872 1918 interpretor)
885 1866 1078 1917 religione,
1098 1864 1303 1916 quominus

193 1935 397 1974 exponam,
417 1935 535 1973 quam
553 1922 676 1959 multa
695 1922 742 1959 ad
761 1934 824 1959 me
845 1920 1035 1966 detulerit,
1054 1925 1198 1970 quanto
1215 1925 1303 1956 ante

193 1975 410 2027 providerit.
439 1976 572 2027 Atque
592 1989 660 2026 ego
678 1976 725 2014 de
743 1975 917 2013 Antonio
935 1973 1033 2012 nihil
1051 1973 1148 2020 dico,
1167 1981 1304 2023 praeter

194 2042 341 2068 unum:
372 2042 572 2082 nunquam
604 2030 730 2076 illum,
756 2030 794 2066 in
824 2029 891 2066 illo
920 2040 1073 2066 summo
1098 2026 1233 2064 timore
1261 2037 1304 2064 ac

193 2083 360 2134 periculo
374 2083 548 2131 civitatis,
563 2095 686 2134 neque
701 2095 942 2121 communem
955 2088 1103 2119 metum
1115 2079 1303 2123 omnium,

195 2150 318 2188 neque
337 2137 528 2188 propriam
557 2137 829 2174 nonnullorum
852 2135 899 2174 de
929 2136 1011 2186 ipso
1037 2133 1302 2186 suspicionem,

194 2200 260 2228 aut
279 2191 480 2230 inficiando
511 2191 653 2229 tollere.
686 2200 751 2228 aut
777 2189 1050 2228 dissimulando
1077 2187 1217 2232 sedare,
1239 2199 1303 2224 vo·
