1435 2308
377 105 491 146 PRO
518 105 753 145 FLACCO.
784 103 889 144 CAP.
918 106 956 150 7.
1195 103 1220 148 ‘l

134 211 265 261 ditate,
290 210 388 251 hanc
405 225 558 251 causam
583 212 933 263 accusationemque
958 212 1132 262 suscepit.
1162 211 1244 260 Qui

137 265 338 304 comitatus
366 265 407 304 in
431 265 683 317 inquirendo!
726 266 948 303 comitatum
980 265 1096 304 dico?
1125 266 1246 304 immo

134 331 222 358 vero
240 326 406 369 quantus
424 320 608 357 exercitus
626 320 635 356 !
668 332 754 370 quae
769 320 916 368 jactura
934 319 943 356 !
976 319 1042 369 qui
1061 327 1210 357 sumtus
1226 320 1237 357 l.

133 380 278 422 quanta
294 372 443 423 largitio
459 373 467 409 !
500 373 600 420 Quae
619 386 855 424 quamquam
874 372 983 409 utilia
1001 379 1090 409 sunt
1107 385 1243 419 causae,

133 425 267 463 timide
289 433 416 464 tamen
439 425 547 471 dico3
579 426 681 476 quod
707 439 769 463 ver
772 439 847 473 eor,
875 438 922 463 ne
939 426 1096 473 Laelius,
1119 439 1165 462 ex
1185 426 1246 464 his

135 480 248 516 rebus
278 492 373 530 quas
393 479 464 517 sibi
478 479 642 530 suscepit
660 479 789 529 gloriae
808 479 935 526 causa,
956 486 1064 530 putet
1083 479 1243 529 aliquid,

135 531 301 569 oratioue
333 545 434 581 mea,
469 533 651 571 sermonis
682 532 723 570 in
751 545 846 581 sese,
876 540 942 570 aut
971 531 1137 580 invidiae,
1168 545 1248 570 esse

135 585 351 636 quaesitum.

190 638 265 676 VI.
296 639 433 690 Itaque
450 639 549 678 hanc
570 646 717 691 partem
736 647 856 678 totam
885 639 1125 690 relinquam:
1157 646 1243 676 tan-

134 698 220 730 tum
239 705 262 729 a
280 692 386 731 vobis
404 701 545 744 petam,
575 693 735 743 judices,
756 702 813 741 ut,
834 693 866 731 si
885 693 979 744 quid
996 692 1069 744 ipsi
1087 692 1246 730 audistis

134 745 331 783 communi
355 746 460 784 fama
484 754 598 798 atque
622 759 808 793 sermone,
837 747 884 784 de
904 747 954 793 vi,
976 746 1022 784 de
1040 758 1173 793 manu,
1200 746 1248 784 de

136 798 266 847 armis,
298 799 345 837 de
374 800 518 851 copiis;
548 800 809 847 memineritis,
836 813 1000 851 quarum
1026 812 1153 837 rerum
1185 799 1247 836 in·-

135 851 252 899 vidia,
271 852 355 902 lege
384 853 455 891 hac
482 854 621 892 recenti
652 866 695 891 ac
717 853 829 900 nova,
856 861 977 891 certus
1007 860 1064 890 est
1088 852 1248 903 inquisi-

137 904 231 942 tioni
260 905 444 944 comitum
473 918 654 945 numerus
687 906 922 944 constitutus.
952 906 1041 953 Sed,
1076 914 1120 943 ut
1149 906 1247 944 hanc

137 958 217 996 vim
247 959 437 1020 omittam,
464 969 607 1011 quanta
625 960 691 997 illa
710 960 825 997 sunt!
858 973 957 1010 quae,
986 959 1166 1010 quoniam
1187 972 1248 997 ac-

137 1011 322 1049 cusatorio
340 1014 426 1061 jure
449 1021 487 1050 et
504 1026 608 1051 more
636 1020 724 1051 sunt
746 1013 858 1061 facta,
879 1012 1149 1064 reprehendere
1168 1024 1244 1050 non

136 1077 352 1115 possumus,
387 1066 494 1116 queri
524 1074 651 1104 tamen
682 1066 879 1117 cogimur.
910 1066 1094 1117 primum,
1126 1065 1245 1116 quod,

137 1117 346 1156 distributis
371 1120 555 1170 partibus,
586 1133 708 1157 sermo
728 1126 782 1157 est
808 1119 887 1157 tota
905 1119 1003 1156 Asia
1028 1119 1246 1178 dissipatus,

140 1170 212 1208 Cn.
235 1171 478 1223 Pompeium,
506 1173 609 1224 quod
629 1173 676 1210 L.
698 1173 834 1211 Flacco
853 1180 907 1210 est
926 1172 1197 1210 vehementer
1188 1185 1247 1209 m-

134 1223 283 1272 imicus,
304 1226 537 1264 contendisse
551 1240 574 1264 a
588 1227 723 1273 Laelio,
743 1234 899 1278 paterno
918 1225 1039 1263 amico
1054 1239 1097 1263 ac
1110 1237 1245 1276 perne-

136 1279 307 1326 cessario,
327 1286 371 1316 ut
388 1279 491 1317 hunc
508 1279 580 1317 hoc
595 1280 739 1329 judicio
765 1286 986 1325 arcesseret3
1016 1291 1247 1329 omnemque

136 1331 171 1368 ei
189 1343 299 1369 suam
329 1333 603 1379 auctoritatem,
624 1333 799 1384 gratiam,
820 1333 958 1384 copias,
983 1345 1087 1383 opes,
1108 1332 1156 1370 ad
1174 1332 1246 1370 hoc

134 1385 330 1435 negotium
354 1386 643 1434 conficiendum,
670 1387 859 1424 detulisse.
890 1386 939 1424 Id.
960 1386 1031 1424 hoc
1061 1385 1246 1424 verisimi-

136 1437 211 1475 lius
231 1438 373 1477 Graecis
402 1439 621 1478 hominibus
641 1440 852 1486 videbatur,
873 1439 940 1490 qui
965 1440 1080 1490 paulo
1099 1446 1186 1477 ante
1205 1438 1246 1475 in

136 1491 269 1530 eadem
302 1492 494 1543 provincia
526 1493 753 1533 familiarem
784 1493 949 1531 Laelium
976 1493 1112 1531 Flacco
1144 1492 1248 1530 vide-

139 1552 235 1582 rant.
267 1545 441 1597 Pompeii
470 1553 598 1584 autem
625 1546 838 1595 auctoritas,
866 1559 954 1584 011111
983 1546 1086 1607 apud
1114 1557 1247 1583 omnes

139 1604 246 1636 tanta
263 1606 332 1646 est,
352 1607 495 1650 quanta
509 1613 587 1638 esse
605 1600 728 1648 debet,
742 1608 826 1638 tum
845 1599 1022 1638 excellit'
1012 1611 1052 1636 m
1071 1597 1142 1638 ista
1159 1611 1248 1649 pro-

139 1650 277 1699 vincia,
303 1665 421 1704 quam
450 1665 571 1704 nuper
600 1660 637 1691 et
658 1654 881 1704 praedonum
910 1661 947 1690 et
975 1666 1109 1704 regum
1145 1652 1246 1690 bello

139 1703 325 1743 liberavit.
353 1706 434 1756 Adj
438 1707 550 1747 unxit
567 1707 647 1753 illa,
674 1715 720 1745 ut
737 1720 813 1755 eOS,
840 1706 908 1758 qui
927 1706 1040 1744 domo
1059 1705 1161 1744 exire
1179 1717 1248 1743 no-

139 1756 268 1796 lebant
302 1759 507 1797 testimonii
539 1760 823 1798 denuntiatione
864 1767 1044 1804 terreret;
1076 1759 1143 1810 qui
1180 1758 1247 1796 do-

139 1810 195 1847 mi
214 1819 310 1850 stare
331 1825 408 1850 non
436 1820 622 1864 poterant,
642 1814 748 1864 largo
767 1821 804 1851 et
826 1812 974 1851 liberali
992 1812 1127 1851 viatico
1145 1824 1250 1850 com·

140 1872 317 1903 moveret.
347 1866 410 1904 Sic
439 1866 664 1915 adolescens,
694 1866 838 1918 ingemi
870 1867 1018 1917 plenus,
1042 1865 1247 1916 locupletes

142 1924 262 1964 metu,
288 1925 419 1957 tenues
443 1920 614 1970 praemio,
635 1921 768 1958 stultos
795 1932 930 1966 errore,
956 1919 1164 1970 permovit:
1196 1917 1250 1956 sic

142 1977 234 2007 sunt
251 1983 426 2022 expressa
442 1973 514 2011 ista
529 1974 722 2034 praeclara,
737 1987 823 2025 quae
841 1973 1058 2020 recitantur,
1077 1971 1249 2023 psephis-

141 2030 259 2071 mata,
286 2036 362 2062 non
381 2027 572 2064 sententiis
589 2039 712 2086 neque
737 2026 1020 2065 auctoritatibus
1044 2025 1245 2070 declarata,

139 2086 209 2114 nec
231 2078 479 2127 jurejurando
508 2079 718 2127 constricta,
750 2079 815 2118 sed
850 2078 1077 2138 porrigenda
1112 2088 1245 2124 manu,

140 2129 479 2182 profundendoque
497 2133 660 2171 clamore
677 2133 935 2171 multitudinis
953 2131 1158 2170 concitatae.

194 2181 293 2222 V11.
322 2183 361 2224 Ο
375 2196 520 2224 morem
533 2186 773 2238 praeclarum,
789 2185 1116 2237 disciplinamque,
1130 2193 1247 2235 quam
