1389 2339
194 82 270 120 DE
292 79 560 121 PRolec.
582 80 817 119 cossUL.
847 80 951 119 CAP.
978 82 1038 119 12.
1092 84 1170 122 389

71 188 167 227 mihi
191 188 293 226 enim
313 187 400 225 ostis
417 187 571 235 assensi,
594 200 696 233 cum,
716 186 885 235 ejusdem
904 187 1077 239 Pompeii
1091 188 1177 226 lite·

72 243 122 280 ris
140 241 313 289 recitatis,
330 240 506 278 confectis
521 241 697 279 omnibus
708 240 907 278 maritimis
926 241 1180 280 terrestribus·

71 308 147 346 que
164 294 286 341 bellis,
311 293 622 345 supplicationem
655 293 802 331 dierum
828 293 1026 332 duodecim
1054 294 1180 333 decre-

74 348 197 394 vistis)
217 360 302 386 sum
320 347 393 385 Cn.
413 347 589 397 Pompeii
607 346 784 384 virtutem
800 354 836 384 et
850 347 968 385 animi
986 347 1181 398 magnitu-

74 401 203 439 dinem
221 400 441 447 admiratus,
465 400 582 451 quod,
612 412 700 438 cum
731 399 810 451 ipse
837 401 977 439 caeteris
1003 400 1182 439 omnibus

75 462 170 492 esset
205 454 310 491 omni
341 453 481 492 honore
510 453 709 499 antelatus,
743 453 966 504 ampliorem
1002 453 1182 492 honorem

75 507 182 545 alteri
201 507 401 554 tribuebat,
421 519 537 558 quam
556 507 637 557 ipse
655 513 733 544 erat
751 514 980 545 consecutus.
1010 506 1129 556 Ergo,
1142 507 1182 544 in

75 560 143 598 illa
161 560 445 611 supplicatione,
465 572 581 610 quam
601 572 669 610 ego
686 559 844 607 decrevi,
865 573 922 598 res
940 560 1021 610 ipsa
1039 560 1183 598 tributa

75 621 132 651 est
151 612 236 650 Diis
250 613 539 658 immortalibus,
554 621 590 651 et
607 613 796 661 majorum
815 613 1008 660 institutis,
1025 619 1062 649 et
1079 613 1184 650 utili-

78 666 146 703 tati
162 666 398 717 reipublicae:
424 666 488 704 sed
506 666 668 716 dignitas
684 667 898 713 verborum,
913 666 1047 712 honos,
1068 672 1104 703 et
1116 678 1185 703 no·-

77 719 186 765 vitas,
211 727 247 757 et
266 731 446 757 numerus
471 719 633 766 dierum,
658 718 814 757 CaesariS
833 719 952 770 ipsius
980 718 1086 757 laudi
1103 719 1186 770 glo-

78 772 219 822 riaeque
238 785 430 810 concessus
450 780 516 809 est.

133 826 313 862 Relatum
333 833 387 863 est
415 825 463 862 ad
481 837 548 863 nos
566 837 686 875 nuper
703 825 750 862 de
768 825 953 876 stipendio
979 825 1184 864 exercitiis:

79 890 155 915 non
175 878 318 916 decrevi
334 878 471 924 solum,
487 878 552 915 sed
571 878 698 925 etiam,
719 886 762 916 ut
781 892 845 916 vos
856 878 1113 926 decerneretis,
1129 879 1187 917 la-

80 931 233 969 boravi:
274 931 398 968 multa
425 931 728 969 dissentientibus
756 931 954 981 respondi:
994 931 1188 970 scribendo

82 983 190 1021 affui.
219 983 325 1021 Tum
345 997 497 1035 quoque
515 984 660 1021 homini
677 985 764 1034 plus
782 984 911 1031 tribui,
931 997 1047 1034 quam
1066 985 1190 1024 nescio

83 1037 146 1074 cui
161 1037 390 1074 necessitati:
411 1037 522 1074 illum
542 1037 641 1075 enim
657 1037 876 1084 arbitrabar,
897 1038 1010 1075 etiam
1022 1038 1102 1075 sine
1119 1038 1190 1076 hoc

84 1090 250 1128 subsidio
286 1090 468 1140 pecuniae,
507 1091 663 1128 retinere
694 1091 900 1128 exercitum
935 1091 1064 1141 praeda
1100 1098 1187 1129 ante

80 1144 203 1195 parta,
224 1151 260 1180 et
278 1143 422 1180 bellum
441 1144 631 1189 conficere,
647 1156 776 1194 posse:
807 1144 872 1181 sed
897 1143 1009 1182 decus
1031 1144 1128 1181 illud
1154 1151 1191 1182 et

80 1204 345 1234 ornamentum
365 1196 548 1246 triumphi
569 1196 820 1234 minuendum
847 1197 974 1234 nostra
1001 1197 1186 1248 parcimo-

83 1248 146 1286 nia
164 1262 240 1287 non
252 1250 394 1300 putavi.
424 1250 569 1286 Actum
582 1257 637 1287 est
655 1250 700 1287 de
714 1250 843 1288 decem
857 1250 1002 1300 legatis,
1019 1263 1114 1300 quos
1127 1250 1191 1287 alii

86 1302 242 1340 omnino
267 1315 342 1340 non
370 1302 534 1347 dabant3
565 1303 629 1340 alii
656 1303 830 1353 exempla
856 1305 1098 1354 quaerebant3
1127 1303 1193 1340 alii

89 1362 241 1406 tempus
270 1355 517 1400 differebant3
547 1355 610 1393 alii
640 1356 718 1394 sine
742 1356 830 1393 ullis
858 1358 1057 1394 verborum
1081 1368 1192 1393 orna-

89 1409 227 1446 mentis
245 1409 396 1446 dabant.
428 1409 475 1445 In
491 1409 534 1446 eit
553 1421 704 1459 quoque
721 1422 760 1446 re
778 1409 829 1446 sic
853 1421 939 1446 sum
961 1410 1122 1456 locutus,
1148 1416 1193 1447 ut

90 1474 221 1499 omncs
247 1462 510 1511 inteuigerent,
540 1474 602 1500 me
627 1462 679 1509 id,
709 1462 811 1512 quod
840 1462 1054 1512 reipublicae
1082 1463 1195 1500 causa

88 1515 280 1563 sentirem,
300 1514 418 1552 facere
437 1514 587 1553 uberius
601 1523 752 1566 propter
762 1515 880 1566 ipsius
895 1515 1051 1553 Caesaris
1069 1515 1193 1566 digni-

85 1574 215 1605 tatem.

140 1620 240 1658 XII.
270 1620 327 1658 At
357 1634 425 1670 ego
451 1621 552 1659 idem
576 1633 692 1667 nunc,
711 1622 751 1659 in
769 1621 969 1673 provinciis
991 1621 1191 1660 decernen-

88 1673 160 1720 dis,
180 1674 246 1724 qui
265 1674 348 1712 illas
366 1686 496 1712 omnes
514 1687 571 1712 res
584 1675 643 1725 egi
660 1675 820 1723 silentio,
840 1675 1080 1725 interpellor;
1102 1687 1191 1714 cum

89 1727 342 1777 superioribus
374 1728 494 1766 causis
521 1727 685 1766 hominis
712 1735 933 1766 ornamenta
968 1728 1121 1774 fuerint,
1151 1728 1191 1765 in

86 1779 160 1817 hac
177 1792 239 1817 me
257 1780 353 1817 nihil
371 1780 488 1827 aliud,
509 1780 580 1818 nisi
598 1781 693 1818 ratio
711 1781 814 1829 belli,
830 1781 902 1819 nisi
921 1793 1071 1819 summa
1088 1781 1193 1818 utili-

90 1839 146 1870 tas
165 1833 394 1883 reipublicae,
423 1840 582 1871 moveat.
622 1834 661 1872 N
665 1834 726 1872 arr‘r
746 1835 825 1885 ipse
853 1835 990 1881 Caesar,
1012 1834 1106 1884 quid
1124 1840 1192 1883 est,

90 1897 158 1922 cur
173 1885 213 1922 in
229 1886 420 1937 provincia
433 1887 655 1925 commorari
673 1888 776 1934 velit,
797 1887 869 1925 nisi
888 1894 931 1924 ut
949 1900 1005 1933 ea,
1026 1900 1112 1937 quae
1129 1899 1196 1937 per

94 1951 183 1976 eum
216 1939 348 1977 affecta
383 1947 485 1988 sunt,
522 1940 684 1990 perfecta
719 1940 934 1991 reipublicae
969 1940 1164 1978 tradantur
1178 1941 1196 1978 ?

95 1991 310 2030 Amoenitas
340 2005 428 2031 eum
461 1993 602 2053 (credo)
632 1994 814 2041 locorum,
845 1993 999 2031 urbium
1031 1992 1199 2043 pulchri-

95 2045 203 2092 tudo,
229 2045 428 2084 hominum
459 2047 732 2098 nationumque
758 2047 909 2085 illarum
930 2046 1145 2085 humanitas
1163 2052 1202 2084 et

96 2097 214 2150 lepos,
233 2098 397 2137 victoriae
423 2099 620 2151 cupiditas,
638 2100 773 2139 finium
800 2099 949 2151 imperii
973 2099 1090 2138 nostri
1115 2111 1206 2151 pro·

97 2151 262 2202 pagano,
283 2152 428 2190 retinet.
458 2153 564 2201 Quid
583 2153 656 2192 illis
685 2153 789 2192 terris
808 2153 1005 2203 asperius?
1034 2152 1156 2203 quid
1145 2164 1202 2190 m-

814 2208 838 2243 2
864 2216 885 2242 n
907 2207 932 2242 3
