1425 2334
262 120 342 162 DE
369 120 611 162 HARUSP.
640 120 906 163 RESPONS.
932 121 1037 163 CAP.
1062 124 1122 162 12.
1178 125 1254 167 199

145 228 230 282 puli
246 241 475 278 consessum,
502 228 649 268 senatui
669 228 797 268 locum
823 229 869 268 P.
888 229 1095 269 Africanus
1113 231 1253 271 iterum

147 283 279 321 consul
295 282 360 321 ille
376 283 499 332 major
516 282 640 328 dedit3
670 288 713 320 ut
725 295 786 321 eos
796 282 906 321 ludos
919 283 999 321 haec
1011 284 1112 323 lues
1102 298 1254 336 1mpura

146 336 355 386 pollueret;
386 349 462 387 quo
485 335 516 374 si
535 336 602 388 qui
623 336 733 383 liber,
757 342 823 374 aut
841 337 1032 387 spectandi
1051 345 1117 375 aut
1135 339 1251 377 etiam

145 388 338 440 religionis
355 389 482 437 causa,
502 396 714 436 accesserat,
729 401 866 427 manus
883 389 1156 428 afferebantur:
1175 404 1253 442 quo

145 449 320 481 matrona
336 443 444 480 nulla
461 443 566 490 adiit,
592 450 744 493 propter
762 442 840 480 vim
866 455 1154 532 consessumque
1176 457 1253 482 ser-

147 507 295 534 vorum.
334 496 396 534 Ita
419 495 529 534 ludos
554 508 634 556 eos,
654 508 818 547 quorum
840 496 907 534 reh
908 496 971 547 gio
992 503 1096 534 tanta
1119 504 1186 544 est,
1207 504 1252 535 ut

148 561 198 587 ex
215 548 361 587 ultimis
379 549 485 587 terris
504 549 676 587 arcessita
687 549 726 586 in
738 548 809 586 hac
819 551 914 587 urbe
932 549 1162 595 00113οἀ01-11;
1184 550 1252 602 qui

148 601 218 640 uni
235 601 318 639 ludi
335 614 383 640 ne
402 604 514 641 verbo
532 602 688 653 quidem
707 602 945 653 appellantur
956 602 1109 649 Latino,
1128 611 1173 641 ut
1186 616 1252 642 vo-

147 655 311 693 cabulo
300 668 383 706 ipso
394 662 431 693 et
441 655 607 706 appetita
617 655 747 706 religio
761 663 928 702 externa,
945 663 981 693 et
988 656 1126 695 Matris
1134 656 1251 708 Mag-

147 719 208 746 nae
219 708 372 746 nomine
386 716 570 760 suscepta,
584 709 816 747 declaretur·
805 737 817 754 ‚
837 708 906 747 hos
924 708 1033 748 ludos
1048 709 1144 747 servi
1155 709 1253 749 fece-

144 768 249 810 runt,
278 761 374 800 servi
400 769 681 813 spectaverunt:
720 768 800 800 tota
824 761 1000 814 denique,
1028 762 1100 801 hoc
1127 762 1250 812 aedile,

147 826 341 853 servorum
361 814 571 866 Megalesia
587 814 752 852 fuerunt.

200 867 292 916 Pro,
312 867 381 905 Dii
404 867 659 906 immortales!
695 868 763 919 qui
791 868 913 919 magis
930 869 1126 907 nobiscum
1144 869 1251 920 loqui
1310 899 1311 902 η

145 921 317 972 possetis,
337 920 368 959 si
386 920 512 959 essetis
530 920 844 972 versareminique
862 921 1089 961 nobiscum?
1119 922 1251 961 Ludos

145 986 227 1012 esse
243 974 407 1025 pollutos
421 973 649 1025 significatis,
664 987 707 1012 ac
717 973 829 1025 plane
843 974 975 1013 dicitis.
1004 974 1111 1022 Quid
1128 975 1251 1026 magis

144 1026 412 1076 deformatum,
438 1027 695 1079 inquinatum,
722 1040 954 1078 perversum,
983 1029 1249 1067 conturbatum

143 1079 220 1119 dici
243 1087 378 1132 potest,
405 1093 536 1132 quam,
562 1093 674 1119 omne
692 1080 901 1128 servitium,
922 1080 1106 1132 permissu
1126 1081 1251 1133 magi-

143 1136 281 1172 stratus
298 1134 513 1182 liberatum,
533 1133 573 1171 in
591 1134 746 1172 alteram
769 1145 919 1172 scenam
944 1134 1172 1182 immissum,
1192 1135 1252 1172 al-

142 1186 213 1224 teri
230 1187 488 1238 praepositum,
503 1193 548 1224 ut
558 1187 651 1225 alter
668 1198 858 1225 consessus
870 1187 1044 1238 potestati
1055 1200 1248 1226 servorum

141 1240 378 1289 objiceretur,
397 1240 491 1278 alter
515 1252 706 1279 servorum
732 1246 834 1278 totus
858 1248 953 1278 esset
966 1240 984 1277 ‘1'
1021 1240 1062 1279 Si
1087 1253 1246 1280 examen

141 1304 260 1344 apum
277 1292 378 1332 ludis
395 1292 435 1330 in
453 1305 602 1331 scenam
620 1293 792 1341 venisset,
815 1293 1031 1345 haruspices
1053 1293 1246 1333 acciendos

140 1358 188 1384 ex
206 1346 364 1385 Etruria
376 1352 596 1398 putaremus
611 1360 622 1384 ε
651 1346 824 1385 videmus
837 1347 1002 1385 universi
1014 1354 1166 1398 repente
1180 1360 1247 1386 ex-

139 1399 269 1438 amina
284 1406 387 1438 tanta
396 1412 587 1438 servorum
598 1399 768 1438 iminissa
778 1399 818 1437 in
829 1400 1016 1451 populum
1023 1401 1246 1438 Romanum

138 1460 290 1504 septum
307 1459 420 1505 atque
437 1452 652 1500 inclusum3
682 1460 720 1492 et
731 1465 809 1491 non
827 1466 1108 1492 commovemur
1121 1456 1139 1492 ἲ
1166 1454 1245 1492 Α1-

139 1517 230 1557 que,
255 1506 296 1544 in
319 1518 437 1558 apum
461 1505 615 1545 fortasse
633 1506 822 1554 examine,
841 1518 910 1545 nos
929 1519 975 1545 ex
994 1506 1245 1546 Etruscorum

138 1558 285 1611 scriptis
308 1558 536 1612 haruspices,
562 1567 608 1599 ut
624 1572 650 1598 a
674 1559 823 1599 servitio
852 1572 1084 1609 caveremus,
1112 1572 1246 1599 mone-

138 1620 234 1651 rent.

192 1664 309 1713 Quod
332 1665 449 1717 1311111·
473 1679 521 1705 ex
545 1666 674 1719 aliquo
691 1666 879 1716 disjuncto
896 1666 1117 1728 diversoque
1133 1679 1247 1705 mon·

139 1725 216 1758 3110
234 1718 486 1770 significatum
499 1732 728 1768 caveremus,
744 1720 797 1768 id,
811 1733 898 1758 cum
910 1720 1037 1771 ipsum
1049 1719 1119 1758 sibi
1132 1732 1244 1758 mon-

138 1778 259 1810 strum
278 1778 347 1821 est,
372 1779 410 1811 et
433 1785 521 1811 cum
544 1772 586 1811 in
607 1785 651 1812 eo
668 1773 750 1825 ipso
773 1772 983 1824 perieulum
1010 1780 1079 1822 est,
1100 1786 1147 1811 ex
1165 1785 1243 1824 quo

206 1824 349 1863 culum
366 1825 614 1876 portenditur,
638 1838 714 1864 non
732 1826 1068 1877 pertimescemus?
1106 1826 1241 1864 Istius-

136 1877 242 1916 modi
255 1877 466 1939 Megalesia
477 1878 564 1917 fecit
574 1886 681 1930 pater
693 1881 812 1918 tuus?
832 1879 1042 1918 istiusmodi
1055 1881 1241 1930 patruus?

136 1930 179 1970 Is
205 1930 303 1968 mihi
333 1930 448 1969 etiam
475 1932 620 1982 generis
650 1932 709 1970 sui
745 1933 975 1971 mentionem
1003 1932 1106 1979 facit,
1137 1943 1241 1980 cum,

135 1983 364 2024 Athenionis
375 1991 444 2022 aut
453 1984 623 2036 Spartaci
636 1985 823 2036 exemplo,
835 1985 945 2024 ludos
961 1984 1082 2022 facere
1095 1984 1243 2022 malue-

139 2037 204 2085 rit,
222 2048 339 2088 quam
352 2036 437 2076 Caii
454 2044 522 2075 aut
533 2037 657 2090 Appii
671 2038 950 2076 Claudiorum?
981 2037 1060 2085 Illi,
1075 2048 1164 2075 cum
1181 2036 1245 2074 lu-

137 2090 206 2129 dos
223 2090 399 2139 facerent,
419 2103 541 2129 servos
565 2091 612 2129 de
633 2091 746 2129 cavea
770 2090 871 2129 exire
891 2065 1101 2140 jubebarit:
1131 2096 1174 2126 tu
1198 2089 1240 2127 in

136 2144 294 2182 alteram
320 2155 443 2182 servos
472 2143 676 2193 immisisti,
702 2156 749 2182 ex
777 2144 896 2182 altera
926 2144 1062 2182 liberos
1085 2141 1237 2191 ejecisti.

138 2195 366 2250 Itaque,qui
383 2203 493 2236 antea
509 2209 598 2237 voce
616 2196 796 2249 praeconis
815 2210 837 2236 a
854 2195 980 2236 liberis
999 2196 1242 2235 semoveban-
