1455 2343
261 86 337 123 138
462 80 577 121 PRO
606 79 778 121 DOMO
807 81 928 120 SUA.
960 80 1065 120 CAP.
1098 82 1158 120 12.

249 192 348 230 hanc
363 189 679 240 jucundissimam
708 189 794 227 vitae
815 196 929 240 atque
953 188 1164 227 officiorum
1181 190 1356 229 omnium

249 246 478 292 societatem,
498 244 588 282 certi
617 243 789 281 homines
810 242 904 280 fictis
924 243 1160 281 sermonibus
1188 251 1226 282 et
1252 244 1356 283 falsis

248 298 470 337 criminibus
499 297 758 341 diremerunt3
799 309 886 334 cum
916 296 1032 333 iidem
1063 296 1189 343 illum,
1219 304 1265 335 ut
1291 310 1356 336 me

247 359 444 399 metueret,
476 364 538 388 me
567 358 725 396 caveret,
751 357 973 393 monerent3
1004 349 1120 388 iidem
1145 350 1249 401 apud
1276 363 1353 399 me,

247 406 342 443 mihi
361 406 473 443 illum
488 417 565 442 esse
584 404 652 441 uni
669 403 988 449 inimicissimum,
1008 403 1197 449 dicerent3
1227 411 1271 442 ut
1289 417 1356 442 ne-

247 473 321 510 que
339 472 422 510 ego,
443 460 490 496 ab
520 458 586 495 illo
605 471 691 508 quae
709 457 805 494 mihi
830 456 991 507 petenda
1016 464 1152 504 essent,
1173 458 1261 495 satis
1286 471 1355 496 au-

246 513 386 550 daciter
409 519 534 562 petere
553 523 726 562 possem3
756 523 879 560 neque
897 510 975 557 ille,
996 517 1052 547 tot
1080 511 1355 562 suspicionibus

247 575 435 604 certorum
481 565 682 602 hominum
728 571 765 601 et
808 564 943 601 scelere
980 564 1230 611 exulceratus,
1269 578 1356 616 quae

245 633 377 657 meum
395 627 546 669 tempus
569 617 789 668 postularet,
811 617 899 655 satis
921 616 1067 668 prolixe
1087 617 1184 655 mihi
1202 618 1350 669 pollice·

247 681 362 711 retur.

299 727 403 764 Data
421 738 564 764 merces
583 731 638 763 est
660 723 791 762 erroris
813 724 891 761 mei
908 736 1063 774 magna,
1079 725 1289 775 pontifices,
1310 732 1355 764 ut

247 793 310 817 me
340 793 417 818 non
437 779 560 817 solum
585 779 712 829 pigeat
736 777 905 815 stultitiae
922 790 1031 825 meae,
1057 778 1124 816 sed
1143 779 1257 816 etiam
1282 793 1355 830 pu-

247 833 357 878 deat3
389 833 470 884 qui,
491 845 579 870 cum
597 845 673 877 me,
693 844 770 869 nou
789 831 1031 881 repentinum
1049 831 1205 882 aliquod
1222 845 1354 870 meum

246 895 413 937 tempus,
445 886 509 924 sed
535 894 674 924 veteres
703 884 826 922 multo
855 892 942 922 ante
966 885 1127 936 suscepti
1151 892 1188 923 et
1215 886 1355 937 provisi

245 941 405 988 labores,
430 953 519 978 cum
544 940 624 977 viro
649 938 852 976 fortissimo
879 946 915 976 et
939 939 1145 976 clarissimo
1169 941 1356 989 conjunx-

245 994 374 1040 issent,
395 994 467 1032 sim
485 1006 616 1044 passus
635 1006 657 1030 a
675 992 743 1029 tali
762 992 927 1029 amicitia
945 992 1126 1038 distrahi3
1156 1005 1280 1044 neque
1298 993 1357 1030 in-

247 1048 472 1094 tellexerim,
493 1046 632 1097 quibus
650 1053 717 1083 aut
730 1052 773 1083 ut
791 1046 928 1096 apertis
942 1045 1103 1084 inimicis
1121 1047 1354 1095 obsisterem,

247 1108 315 1139 aut
339 1109 382 1139 ut
411 1101 598 1138 insidiosis
622 1099 752 1137 amicis
774 1111 850 1136 non
880 1099 1078 1137 crederem.
1110 1100 1274 1138 Proinde
1292 1101 1358 1138 de-

248 1155 373 1192 sinant
409 1153 614 1205 aliquando
649 1166 712 1191 me
754 1152 889 1190 iisdem
932 1152 1170 1192 inflammare
1205 1154 1352 1192 verbis:

249 1210 278 1230 “
298 1208 405 1255 Quid
431 1208 501 1245 sibi
530 1207 599 1244 iste
617 1206 733 1244 vult?
763 1206 893 1249 nescit,
917 1214 1105 1256 quantum
1135 1207 1355 1246 auctoritate

248 1262 382 1308 valeat,
400 1274 494 1311 quas
509 1273 567 1298 res
585 1259 752 1310 gesserit,
770 1261 848 1309 qua
867 1259 1049 1309 dignitate
1064 1260 1113 1298 sit
1124 1262 1318 1299 restitutus
1335 1264 1352 1300 Ρ

246 1315 326 1352 Cur
345 1322 452 1352 ornat
471 1327 574 1360 eum,
601 1327 624 1351 a
642 1326 718 1363 quo
737 1312 904 1350 desertus
923 1320 978 1350 est
991 1314 1037 1351 ?'’
1066 1314 1153 1364 Ego
1171 1327 1259 1352 vero
1288 1327 1355 1353 ne-

244 1382 320 1419 que
349 1381 411 1405 me
443 1375 527 1405 tum
557 1367 746 1404 desertum
775 1374 883 1416 puto,
918 1367 982 1404 sed
1013 1380 1122 1418 paene
1153 1368 1350 1406 deditum:

244 1434 328 1469 nec,
349 1435 434 1473 quae
453 1421 528 1458 sint
545 1421 584 1457 in
603 1421 671 1457 1113,
688 1419 904 1470 reipublicae
924 1420 1081 1459 flamma
1099 1429 1205 1472 gesta
1223 1429 1352 1460 contra

244 1487 321 1522 me,
342 1488 464 1526 neque
477 1474 813 1525 quomodo,neque
831 1486 897 1524 per
916 1487 1025 1524 quos,
1044 1475 1349 1526 patefaciendum

243 1529 340 1566 mihi
369 1542 446 1566 esse
465 1528 634 1566 arbitror.
666 1527 707 1564 Si
732 1527 825 1564 utile
847 1527 1064 1578 reipublicae
1088 1528 1176 1576 fuit,
1200 1529 1354 1568 haurire

243 1595 306 1620 me
325 1595 461 1630 unum,
491 1595 560 1632 pro
578 1581 768 1627 omnibus,
789 1581 896 1618 illam
923 1581 1227 1632 indignissimam
1252 1583 1355 1621 cala-

242 1636 416 1674 mitatem
430 1649 441 1680 ς
472 1635 586 1673 etiam
603 1635 675 1672 hoc
689 1634 782 1671 utile
801 1634 861 1679 sit,
878 1647 1040 1685 quorum
1055 1635 1095 1673 id
1110 1636 1245 1674 scelere
1264 1649 1353 1674 con-

244 1689 379 1727 flatum
398 1689 458 1737 sit,
479 1702 542 1726 me
561 1689 746 1726 occultare
765 1695 801 1725 et
819 1695 951 1726 tacere.
983 1689 1089 1726 Illud
1103 1702 1190 1727 vero
1208 1698 1263 1728 est
1280 1690 1350 1728 ho-

243 1743 357 1780 minis
375 1742 514 1793 ingrati
532 1750 664 1780 tacere.
695 1742 832 1792 ltaque
850 1741 1099 1780 libentissime
1123 1743 1349 1794 praedicabo,

243 1796 315 1834 Cn.
330 1796 557 1847 Pompeium
580 1795 704 1833 studio
723 1802 760 1832 et
778 1796 1011 1843 auctoritate,
1026 1809 1134 1847 aeque
1152 1804 1196 1835 ut
1210 1809 1354 1834 unum-

244 1863 435 1901 quemque
453 1852 632 1894 vestrsim,
649 1848 798 1899 opibus,
819 1849 1070 1898 contentione,
1084 1851 1271 1900 precibus,
1284 1863 1351 1901 pe-

244 1903 371 1941 riculis
390 1902 567 1953 denique,
584 1902 772 1953 praecipue
791 1914 859 1952 pro
879 1903 1000 1940 salute
1019 1904 1105 1941 mea
1115 1904 1317 1941 laborasse.

298 1957 400 1995 XII.
430 1956 508 1994 Hic
526 1956 615 2002 tuis,
647 1955 693 1992 P.
721 1955 899 2003 Lentule,
926 1969 1014 1994 cum
1040 1964 1083 1995 tu
1107 1957 1204 1994 nihil
1228 1957 1348 2004 aliud,

244 2010 324 2048 dies
343 2020 379 2048 et
397 2017 535 2057 noctes,
556 2008 629 2046 nisi
651 2008 698 2046 de
728 2009 848 2046 salute
865 2009 952 2048 mea
973 2010 1167 2061 cogitares,
1188 2010 1350 2048 consiliis

242 2063 420 2102 omnibus
445 2063 642 2101 interfuit:
672 2061 735 2099 hic
764 2062 835 2100 tibi
866 2063 1110 2113 gravissimus
1143 2071 1272 2102 auctor
1300 2063 1350 2102 ad

239 2117 526 2163 instituendam,
552 2116 794 2154 fidelissimus
822 2116 943 2154 socius
966 2117 1015 2155 ad
1040 2117 1348 2168 comparandam,

239 2170 464 2210 fortissimus
492 2170 642 2221 adjutor
670 2168 719 2208 ad
749 2182 831 2207 rem
860 2170 1128 2222 perficiendam
1144 2170 1256 2210 fuit:
1285 2171 1348 2209 hic
