1425 2334
360 481 486 528 PRO
521 481 590 528 M.
625 481 865 528 COELIO.

124 613 157 650 Ι.
179 613 224 651 Ss
237 614 334 664 quis,
348 615 504 663 judices,
518 615 613 653 forte
624 627 724 653 nunc
736 614 845 661 adsit,
861 614 1013 664 ignarus
1024 614 1170 663 legum,

67 665 310 714 judiciorum,
330 668 606 705 consuetudinis
625 675 783 710 nostrae,
773 682 782 690 ·
813 668 969 704 miretur
988 667 1168 716 profecto,

71 730 157 768 quae
174 720 220 757 sit
238 727 342 758 tanta
369 722 539 758 atrocitas
567 721 722 769 hujusce
749 733 881 766 causae,
897 720 1017 779 quod,
1038 719 1171 756 diebus

70 770 186 817 festis,
207 772 380 832 ludisque
396 774 566 824 publicis,
587 774 763 811 omnibus
781 773 939 823 negotiis
961 772 1172 809 forensibus

69 822 303 872 intermissis,
341 839 462 864 unum
499 827 569 864 hoc
601 827 786 875 judicium
828 832 1065 863 exerceatur·
1054 853 1066 870 ,
1105 837 1174 862 nec

72 875 231 926 dubitet,
265 879 358 929 quin
389 880 485 917 tanti
509 880 681 917 facinoris
705 892 790 917 reus
822 886 1014 928 arguatur,
1042 885 1099 924 ut,
1130 889 1174 914 eo

72 930 255 979 neglecto,
275 932 403 969 civitas
422 940 516 970 stare
535 945 610 969 non
629 933 756 982 possit.
786 931 910 977 Idem,
931 943 1017 968 cum
1046 929 1176 967 audiat

73 994 149 1019 esse
163 983 300 1034 legem,
315 998 401 1035 quae
419 985 466 1022 de
479 986 657 1023 seditiosis
676 984 1004 1034 consceleratisque
1019 983 1176 1030 civibus,

74 1035 141 1085 qui
177 1038 313 1074 armati
344 1045 514 1075 senatum
538 1038 761 1084 obsederint,
785 1037 1067 1087 magistratibus
1097 1035 1176 1073 vim

74 1089 280 1137 attulerint,
301 1092 572 1141 rempublicam
584 1090 853 1141 oppugnarint,
875 1089 1040 1140 quotidie
1059 1088 1178 1139 quaeri

72 1142 381 1200 jubeat;1egem
395 1155 470 1181 non
489 1144 696 1194 improbet,
717 1143 872 1190 crimen,
893 1142 995 1193 quod
1014 1150 1179 1179 versetur

75 1194 115 1230 in
142 1195 297 1243 judicio,
324 1197 500 1248 requirat.
543 1198 645 1235 Cum
670 1196 812 1257 audiat,
835 1196 986 1233 nullum
1017 1195 1177 1242 facinus,

76 1247 223 1285 nullam
248 1249 457 1297 audaciam,
480 1250 626 1287 nullam
646 1249 738 1295 vim,
768 1249 807 1286 in
823 1249 1010 1297 judicium
1029 1247 1176 1285 vocari·
1165 1275 1178 1292 ,

77 1300 141 1337 sed
168 1301 438 1340 adolescentem
466 1303 604 1340 illustri
630 1302 795 1352 ingenio,
824 1301 1022 1348 industria,
1043 1300 1177 1350 gratia,

76 1354 239 1391 accusari
257 1356 304 1392 ab
319 1356 400 1404 ejus
419 1356 510 1403 filio,
531 1368 645 1407 quem
664 1356 742 1405 ipse
760 1355 800 1391 ιιι
819 1354 1006 1403 judicium
1025 1361 1061 1390 et
1075 1359 1182 1390 vocet

77 1412 114 1443 et
138 1407 301 1454 vocarit3
331 1409 542 1459 oppugnari
569 1417 695 1446 autem
722 1408 824 1445 hunc
851 1407 985 1457 opibus
1011 1406 1183 1443 meretri-

77 1459 167 1504 ciis;
196 1461 365 1498 Atratini
384 1462 486 1499 illius
504 1462 680 1512 pietatem
700 1473 776 1497 non
794 1459 1064 1511 reprehendat3
1093 1471 1182 1496 mu-

77 1511 233 1550 liebrem
250 1514 447 1552 libidinem
475 1514 796 1566 comprimendam
823 1520 956 1564 putet3
986 1525 1051 1550 vos
1077 1512 1182 1549 labo-

77 1565 191 1603 riosos
209 1567 410 1616 existimet,
424 1568 562 1619 quibus
575 1568 701 1606 otiosis
714 1579 761 1605 ne
772 1567 812 1604 in
825 1565 1018 1604 communi
1029 1564 1181 1616 quidem

79 1618 154 1656 otio
172 1619 281 1657 liceat
299 1633 388 1658 esse.

134 1671 304 1720 Etenim,
325 1673 355 1710 si
373 1674 562 1712 attendere
580 1674 792 1725 diligenter,
813 1680 848 1711 et
867 1672 1079 1710 existimare
1098 1683 1183 1709 vere

82 1724 129 1762 de
140 1725 243 1762 omni
256 1725 327 1763 hac
337 1739 423 1764 caus
426 1740 460 1775 a,
476 1727 686 1773 volueritis3
709 1728 759 1765 sic
771 1725 1013 1771 constituetis,
1024 1724 1182 1773 judices,

81 1789 150 1815 nec
171 1777 435 1816 descensurum
455 1793 687 1831 quemquam
721 1780 769 1817 ad
795 1780 892 1817 hanc
911 1777 1185 1815 accusationem

85 1830 212 1877 fuisse,
233 1831 306 1877 cui,
335 1839 466 1870 utrum
485 1833 609 1878 vellet,
627 1833 778 1877 liceret,
808 1844 890 1879 nec,
919 1843 1006 1868 curn
1035 1829 1185 1866 descen-

86 1883 214 1930 disset,
235 1884 444 1935 quidquam
457 1885 677 1923 habiturum
696 1886 774 1936 spei
792 1885 919 1930 fuisse,
936 1882 1007 1920 nisi
1026 1883 1186 1930 alicujus

87 1936 311 1974 intolerabili
337 1938 493 1975 libidine
519 1945 556 1976 et
582 1939 695 1976 nimis
722 1939 853 1975 acerbo
880 1936 965 1973 odio
992 1935 1184 1972 niteretur.

88 1989 164 2027 Sed
183 2001 251 2039 ego
268 1990 460 2038 Atratino,
473 1991 744 2029 humanissimo
759 1998 870 2039 atque
884 1988 1026 2038 optimo
1045 1987 1190 2024 adoles-

89 2042 200 2085 centi,
213 2054 297 2080 meo
308 2044 523 2091 necessario,
532 2043 696 2094 ignosco,
710 2043 776 2094 qui
786 2018 900 2079 h¹abet
911 2040 1191 2078 excusationem

90 2095 151 2131 vel
174 2094 334 2144 pietatis,
354 2096 414 2133 vel
431 2096 670 2143 necessitatis,
689 2097 750 2134 iel
768 2095 895 2133 aetatis.
925 2094 967 2132 Si
990 2093 1109 2131 voluit
1130 2105 1191 2130 ac-

93 2159 233 2195 cusare,
261 2148 391 2200 pietati
417 2149 568 2196 tribu03
597 2149 628 2187 si
654 2150 782 2199 jussus
800 2154 867 2197 est,
896 2145 1130 2192 necessitati3
1159 2145 1193 2183 si
