1455 2343
164 84 245 121 868
433 78 547 118 PRO
577 77 780 118 COELIO.
812 77 917 117 CAP.
947 80 1011 116 25.

163 190 231 228 ubi
261 188 466 240 quaesitum
495 187 580 225 est?
611 185 938 238 quemadmodum
961 194 1136 237 paratum
1153 188 1170 224 ?
1199 200 1276 238 quo

161 245 302 295 pacto?
332 241 408 289 cui,
429 253 505 293 quo
529 241 570 278 in
592 241 688 289 loco,
715 239 897 278 traditum
912 242 930 278 Ξ)
958 239 1151 278 Habuisse
1169 240 1277 279 aiunt

158 296 281 345 domi,
302 295 458 347 vimque
476 295 558 344 ejus
582 307 660 333 esse
690 301 889 345 expertum
908 293 949 331 in
968 307 1073 332 servo
1092 293 1274 345 quodam,

161 351 211 389 ad
222 363 303 389 rem
321 349 445 401 ipsam
463 356 595 400 parato
607 362 619 394 ;
651 349 759 398 cujus
772 347 952 399 perceleri
963 347 1118 386 interitu
1133 360 1213 386 esse
1225 349 1273 386 ab

159 403 232 444 hoc
249 405 538 455 comprobatum
556 414 759 441 venenum.
802 402 892 447 Pro,
919 401 988 439 Dii
1013 402 1272 439 immortales!

158 471 228 497 cur
245 457 451 505 interdum,
472 456 512 494 in
530 456 733 494 hominum
758 455 958 493 sceleribus
981 454 1177 502 maximis,
1207 462 1276 493 aut

159 511 381 557 connivetis‚
412 518 478 548 aut
500 509 696 561 praesentis
719 508 864 546 fraudis
882 521 1012 559 poenas
1031 508 1072 546 in
1096 507 1198 546 diem
1217 521 1275 547 re-

158 565 313 604 servatis
327 567 344 604 ?
373 564 468 603 Vidi
482 564 599 611 enim,
620 563 712 610 vidi,
733 569 770 600 et
783 562 895 599 illum
906 562 1019 599 hausi
1030 561 1199 600 dolorem
1212 562 1270 600 vel

157 619 443 658 acerbissimum
462 618 503 655 in
517 616 607 664 vita,
629 629 717 654 cum
730 615 781 663 Q.
795 615 842 653 M
848 616 982 653 etellus
996 614 1274 653 abstraheretur

158 686 182 711 e
200 673 285 711 sinu
305 672 526 722 gremioque
546 669 701 722 patriae3
723 681 888 720 cumque
902 669 967 707 ine
979 669 1049 716 vir,
1071 668 1138 720 qui
1157 682 1195 706 se
1209 681 1276 707 na-

157 734 242 766 tum
261 726 351 764 huic
374 724 535 775 imperio
563 723 725 774 putavit,
757 723 866 760 tertio
898 722 958 760 die
976 730 1075 773 post,
1096 735 1213 773 quam
1232 722 1272 760 in

158 780 277 826 curia,
299 791 416 829 quam
434 779 475 815 in
495 776 657 820 Rostris,
671 789 788 827 quam
808 777 847 813 in
866 775 1062 827 republica
1072 776 1271 823 floruisset,

157 832 403 884 integerrima
421 838 544 877 aetate‚
576 831 721 881 optimo
739 829 889 875 habitu,
917 829 1098 868 maximis
1116 829 1272 876 viribus,

158 887 365 938 eriperetur
393 884 655 935 indignissime
684 883 794 921 bonis
822 883 1013 929 omnibus,
1045 890 1160 934 atque
1189 883 1276 921 uni-

157 953 275 979 versae
303 939 457 978 civitati.
488 939 580 985 Quo
608 937 764 988 quidem
790 944 959 988 tempore
987 937 1065 984 ine,
1095 936 1272 983 moriens,

158 1007 249 1033 cum
264 995 346 1043 jam
366 992 507 1031 caeteris
525 1005 572 1029 ex
591 991 763 1042 partibus
777 1004 954 1041 oppressa
967 1003 1075 1028 mens
1087 997 1194 1036 esset,
1209 1004 1275 1029 ex-

158 1056 326 1087 tremum
341 1059 494 1085 sensum
506 1046 555 1083 ad
569 1044 794 1082 memoriam
805 1044 1022 1095 reipublicae
1033 1046 1246 1082 reservabat
1260 1059 1272 1089 ;

157 1114 263 1150 cum,
283 1114 346 1139 me
364 1101 517 1138 intuens
535 1099 704 1146 flentem,
726 1098 963 1148 significabat
980 1098 1200 1149 interruptis
1218 1105 1274 1136 at-

157 1169 235 1207 que
252 1154 502 1193 morientibus
521 1153 689 1199 vocibus,
704 1159 847 1203 quanta
864 1151 1099 1203 impenderet
1112 1152 1276 1203 procella

159 1209 274 1257 Urbi,
305 1215 450 1260 quanta
476 1214 678 1258 tempestas
702 1206 868 1244 civitati:
899 1214 936 1243 et
958 1218 1061 1252 cum,
1092 1206 1274 1257 parietem

159 1276 258 1314 saepe
280 1262 417 1300 feriens
443 1274 533 1300 eum
553 1261 620 1312 qui
640 1273 728 1298 cum
748 1260 799 1307 Q.
817 1260 955 1298 Catulo
973 1259 1097 1298 fuerat
1115 1259 1149 1298 ei
1168 1272 1272 1297 com-

157 1316 300 1363 munis,
322 1317 451 1354 erebro
471 1315 670 1361 Catulum,
692 1327 790 1364 saepe
803 1326 880 1361 1118,
897 1313 1103 1364 saepissime
1120 1325 1272 1364 rempu-

156 1370 311 1415 blicam,
343 1368 589 1413 nominabat3
620 1374 664 1404 ut
692 1380 769 1405 non
800 1374 894 1414 tam,
922 1379 961 1404 se
993 1366 1124 1414 emori,
1155 1379 1272 1417 quam

158 1423 310 1474 spoliari
329 1436 398 1461 suo
416 1421 590 1472 praesidio
609 1433 698 1458 cum
723 1420 900 1471 patriam,
935 1426 1020 1457 tum
1051 1420 1166 1458 etiam
1195 1433 1273 1465 me,

156 1477 311 1515 doleret.
351 1476 482 1523 Quem
508 1474 665 1526 quidem
684 1474 811 1512 virum
829 1473 861 1512 si
883 1473 991 1511 nulla
1008 1473 1064 1511 vis
1087 1473 1272 1524 repentini

155 1531 304 1570 sceleris
324 1529 535 1567 sustulisset
551 1542 563 1573 ς
595 1540 764 1578 quonam
788 1527 903 1565 modo
921 1527 987 1564 ille
1005 1527 1148 1565 furenti
1165 1527 1274 1565 fratri

155 1597 224 1623 suo
242 1583 406 1635 patrueli
425 1582 630 1621 consularis
648 1581 854 1628 restitisset,
875 1580 956 1631 qui,
973 1581 1119 1627 consul,
1139 1580 1276 1631 incipi-

154 1645 283 1677 entem
305 1637 430 1675 furere
449 1643 565 1687 atque
584 1642 797 1680 conantem,
819 1635 889 1672 sua
908 1647 946 1672 se
964 1647 1083 1672 manu
1102 1634 1276 1673 interfec-

156 1700 302 1739 turum,
316 1690 494 1729 audiente
509 1696 657 1735 senatu,
671 1688 835 1727 dixerit?
865 1689 930 1726 Ex
941 1689 1013 1726 hac
1027 1688 1144 1738 igitur
1157 1688 1272 1726 domo

157 1758 366 1797 progressa,
385 1744 458 1782 ista
474 1743 614 1781 mulier
632 1742 679 1780 de
704 1742 839 1780 veneni
858 1741 1046 1780 celeritate
1065 1742 1187 1780 dicere
1204 1755 1274 1780 au-

154 1799 285 1838 debit?
316 1799 457 1836 Nonne
468 1797 590 1848 ipsam
603 1796 762 1833 domum
777 1802 934 1843 metuet,
950 1807 998 1833 ne
1013 1808 1131 1846 quam
1143 1808 1274 1834 vocem

154 1852 307 1891 eliciat?
336 1864 413 1890 non
431 1852 592 1902 parietes
611 1850 790 1897 conscios,
811 1861 889 1887 non
907 1856 1058 1887 noctem
1075 1849 1183 1887 illam
1207 1849 1271 1887 fu-

158 1914 306 1945 nestam
324 1919 367 1944 38
384 1906 610 1952 luctuosam,
638 1903 919 1954 perhorrescet?
949 1903 1025 1941 Sed
1042 1910 1206 1941 revertar
1223 1901 1271 1941 ad

157 1960 301 1998 crimen
317 1974 328 1997 ε
359 1959 499 1997 etenim
515 1958 596 1996 haec
615 1957 713 1995 facta
740 1956 844 1995 illius
871 1956 1069 1995 clarissimi
1086 1969 1130 1995 ac
1146 1956 1273 1995 fortis-

160 2014 247 2052 simi
266 2013 336 2052 viri
353 2012 497 2052 mentio
516 2018 553 2050 et
570 2024 702 2049 vocem
719 2023 845 2049 meam
863 2010 955 2049 fletu
981 2009 1205 2059 debilitavit,
1236 2017 1273 2048 et

158 2075 328 2106 mentem
347 2067 475 2105 dolore
493 2065 705 2117 impedivit.

212 2121 348 2162 XXV.
370 2121 445 2163 Sed
457 2127 599 2169 tamen,
617 2132 804 2160 venenum
820 2119 922 2160 unde
941 2118 1068 2168 fuerit,
1086 2117 1273 2170 quemad-
