1455 2343
208 93 283 132 182
412 90 525 131 PRO
553 89 726 131 DOMO
753 90 876 131 SUA
906 89 1012 129 CAP.
1042 91 1107 135 57.

206 200 309 252 cipes
326 205 441 250 atque
468 205 637 238 auctores
661 198 799 260 fuistis,
827 198 934 237 vobis
955 209 1087 236 omnes
1111 194 1318 243 societates,

207 265 340 309 ornnes
368 252 531 301 ordineS,
557 265 701 300 omnes,
722 252 790 304 qui
818 260 886 291 aut
914 265 954 290 re
977 259 1046 290 aut
1067 263 1132 302 spe
1153 248 1321 300 denique

208 314 299 346 sunt
315 306 430 352 bona,
458 319 571 344 omne
596 306 701 344 vobis
730 319 819 357 erga
840 318 967 344 meam
993 305 1216 367 dignitatem
1240 310 1320 340 stu-

209 361 317 399 dium
350 368 386 398 et
408 360 612 409 judicium,
646 372 723 398 non
755 360 869 398 modo
895 359 1154 407 commissum,
1185 367 1320 396 verum

209 415 323 454 etiam
343 413 666 475 commendatum,
686 427 764 452 esse
781 413 1022 452 arbitrantur.

264 468 463 519 Denique
473 467 545 518 ipsi
574 467 644 504 Dii
675 467 923 515 immortales,
955 467 1023 518 qui
1051 466 1150 505 hanc
1182 465 1319 503 urbem

210 530 326 574 atque
350 520 456 559 hoc
439 521 643 582 lmperium
664 528 831 569 tuentur,
855 528 899 558 ut
918 528 1013 559 esset
1031 519 1209 559 omnibus
1228 531 1321 569 gen-

211 576 312 615 tibus
330 574 613 626 posteritatique
640 575 897 626 perspicuum,
924 574 1052 613 divino
1070 586 1134 611 me
1161 571 1321 610 numine

211 642 290 668 esse
312 642 359 666 re
350 628 525 679 'publicae
542 627 748 675 redditum,
763 627 900 666 idcirco
911 628 1008 665 mihi
1026 627 1202 666 videntur
1219 626 1322 664 fruc„

210 690 295 721 tum
314 683 442 733 ipsum
461 681 601 719 reditus
624 689 660 719 et
681 681 943 732 gratulationis
964 693 1061 719 meae
1083 681 1132 718 ad
1163 691 1320 718 suorum

213 737 450 775 sacerdotum
475 743 698 786 potestatem
725 734 991 786 judiciumque
1012 733 1213 773 revocasse.
1242 733 1322 772 Hic

212 797 268 828 est
287 790 389 827 enim
407 789 564 836 reditus,
584 789 791 839 pontifices,
807 788 888 826 haec
906 788 1106 835 restitutio,
1129 787 1170 825 in
1192 787 1322 834 domo,

212 844 253 881 in
272 842 468 890 sedibus,
457 855 498 880 111
516 842 604 890 3113,
628 842 669 880 in
699 842 836 890 focis,
825 855 866 879 m
892 841 980 880 Diis
997 841 1200 893 penatibus
1216 853 1325 879 reeu-

211 896 400 948 perandis.
437 895 616 943 Quorum
640 895 671 934 si
694 896 764 934 iste
782 895 860 934 suis
881 895 1174 934 sceleratissimis
1198 893 1329 932 mani-

211 952 285 989 bus
296 957 394 989 tecta
415 950 600 1001 sedesque
613 949 818 995 convellit;
839 949 1077 1000 ducibusque
1091 947 1324 994 consulibus,

213 1012 414 1065 tamquam
444 1003 551 1042 Urbe
580 1003 704 1055 capta,
735 1003 834 1041 113110
861 1015 981 1041 unam
1009 1002 1184 1050 domum,
1216 1001 1326 1053 quasi

212 1058 385 1097 acerrimi
413 1056 718 1108 propugnatoris,
742 1056 814 1095 sibi
838 1056 1039 1095 delendam
1063 1055 1238 1107 putavit3
1267 1061 1327 1093 ta-

212 1124 303 1150 men
331 1111 390 1149 illi
418 1111 487 1148 Dii
514 1118 669 1162 penates
693 1123 736 1149 ac
759 1110 965 1149 familiares
981 1110 1073 1171 mci,
1098 1122 1166 1162 per
1183 1120 1266 1159 vos,
1283 1108 1326 1147 in

214 1178 343 1203 meam
360 1165 520 1203 domum
537 1177 690 1203 mecum
709 1171 820 1202 erunt
836 1163 1012 1202 restituti.

271 1218 410 1256 LVII
439 1217 641 1265 Quocirca,
675 1225 725 1266 te,
764 1217 991 1268 Capitoline,
1025 1229 1142 1268 quem
1173 1223 1329 1269 propter

214 1271 396 1311 beneficia
413 1271 580 1331 populus
610 1271 810 1309 Romanus
832 1270 1053 1321 Optimum,
1077 1278 1232 1322 propter
1248 1270 1328 1310 vim

215 1325 440 1364 Maximum
472 1324 696 1372 nominavit,
730 1331 857 1375 teque,
887 1324 996 1362 Juno
1027 1325 1172 1375 regina,
1206 1330 1244 1363 et
1275 1331 1327 1386 10,

217 1386 342 1418 0113103
360 1377 491 1424 Urbis,
511 1377 703 1425 Minerva,
733 1391 819 1428 quae
837 1390 985 1428 semper
1002 1377 1178 1439 adjutrix
1207 1378 1329 1416 consi-

215 1433 357 1472 liorum
375 1444 563 1479 meorum,
583 1430 685 1470 testis
702 1431 893 1492 laborum,
918 1429 1107 1479 exstitisti,
1127 1444 1258 1492 precor
1283 1444 1328 1472 ac-

218 1498 374 1538 quaeso:
405 1497 560 1536 vosque,
592 1485 660 1535 qui
691 1485 860 1522 maxime
891 1497 954 1523 me
982 1484 1184 1536 repetistis,
1214 1491 1330 1536 atque

218 1539 431 1585 revocastis,
466 1551 630 1599 quorum
655 1538 703 1576 de
731 1538 881 1576 sedibus
907 1538 989 1577 haec
1016 1538 1113 1576 mihi
1137 1539 1331 1590 proposita
1372 1546 1377 1549 '

212 1602 274 1636 ,031
292 1591 493 1639 contentio,
513 1592 626 1642 patrii
645 1591 807 1630 Penates
834 1591 1127 1644 familiaresque,
1147 1592 1217 1644 qui
1239 1593 1330 1632 huic

219 1647 307 1686 urbi
325 1653 363 1684 et
379 1645 596 1696 reipublicae
617 1645 837 1696 praesidetis,
866 1658 933 1684 vos
958 1647 1136 1694 obtestor,
1162 1658 1329 1697 quorum

182 1693 190 1706 '
219 1713 291 1751 ego
309 1713 332 1738 a
350 1698 501 1750 templis
527 1711 570 1737 30
599 1698 765 1737 delubris
794 1699 1010 1750 pestiferam
1036 1699 1144 1738 illam
1163 1705 1202 1738 et
1223 1700 1331 1739 nefa-

218 1754 317 1792 riam
346 1753 544 1790 flammam
573 1752 731 1804 depuli3
762 1759 888 1803 teque,
908 1753 1030 1792 Vesta
1052 1761 1189 1802 mater,
1219 1755 1331 1804 cujus

221 1806 444 1846 castissimas
463 1805 669 1844 sacerdotes
687 1807 736 1844 ab
764 1806 966 1844 hominum
984 1806 1165 1855 amentia,
1184 1805 1327 1857 furore,

220 1867 259 1899 et
276 1860 424 1909 scelere,
445 1859 621 1905 defendi3
652 1860 837 1911 cujusque
853 1861 984 1910 ignem
1002 1859 1115 1898 illum
1134 1860 1331 1911 sempiter-

219 1926 317 1953 num
335 1925 413 1951 non
430 1926 516 1951 sum
534 1926 667 1965 passus
684 1920 751 1952 aut
770 1914 953 1964 sanguine
971 1913 1112 1952 civium
1129 1914 1331 1966 restingui,

220 1975 289 2006 aut
306 1979 395 2006 cum
413 1967 527 2005 totius
545 1967 650 2005 urbis
667 1966 840 2005 incendio
858 1967 1116 2014 commiscerig
1145 1974 1204 2016 ut,
1224 1968 1270 2016 31,
1288 1968 1331 2007 in

219 2021 288 2059 illo
305 2033 414 2071 paene
442 2020 519 2058 fato
549 2020 779 2071 reipublicae,
809 2021 930 2070 objeci
951 2033 1082 2059 meum
1108 2028 1236 2072 caput,
1261 2035 1333 2072 pro

221 2074 354 2114 vestris
389 2074 612 2114 caerimoniis
644 2081 758 2125 atque
787 2075 953 2125 templis,
991 2074 1332 2125 perditissimorum

215 2128 362 2170 ‚civium
391 2128 510 2167 furori
539 2135 653 2180 atque
684 2129 808 2182 fe1‘193
839 2137 889 2178 ct,
924 2128 956 2167 si
981 2128 1133 2179 iterum,
1164 2140 1253 2168 cum
1283 2141 1332 2167 ex
