1455 2343
280 101 358 138 350
568 97 681 136 PRO
710 93 915 135 COELIO.
945 92 1049 131 CAP.
1070 91 1108 134 7.

273 206 491 245 facinorosis
520 205 710 252 audacter,
745 214 833 241 cum
862 197 1074 239 libidinosis
1102 194 1313 243 luxuriose,
1331 193 1388 232 vi-

278 273 376 299 vere.

331 314 419 352 Hac
450 314 514 351 ille
550 320 629 350 tam
661 309 763 349 varia
798 307 1077 358 multiplicique
1112 302 1262 350 natura,
1300 313 1389 340 cum

277 380 407 406 omnes
426 367 602 404 omnibus
621 378 668 403 ex
687 364 794 402 terris
816 362 988 400 homines
1005 360 1198 410 improbos
1214 355 1390 394 audaces-

279 435 353 472 que
387 421 609 471 collegerat3
653 426 738 455 tum
769 417 882 454 etiam
914 415 1055 452 multos
1085 412 1197 450 fortes
1225 409 1323 447 viros
1354 416 1391 447 et

279 477 397 513 bonos
435 475 554 525 specie
590 471 756 524 quadam
783 469 932 508 virtutis
969 466 1197 505 assimulatae
1226 464 1389 501 tenebat.

279 530 418 579 Neque
445 539 616 578 unquam
647 539 693 563 ex
720 524 786 561 illo
812 521 963 560 delendi
989 521 1106 568 hujus
1133 517 1283 568 imperii
1310 524 1391 554 tam

280 582 550 620 consceleratus
582 580 748 630 impetus
779 576 992 620 exstitisset,
1026 573 1099 610 nisi
1127 578 1186 610 vtot
1214 569 1392 608 vitiorum

282 644 388 673 tanta
415 634 633 672 immanitas
663 630 892 683 quibusdam
922 626 1112 666 facilitatis
1139 635 1176 662 et
1207 623 1394 673 patientiae

281 690 469 726 radicibus
492 688 684 726 niteretur.
722 685 853 732 Quare
871 683 943 720 ista
961 679 1138 725 conditio,
1156 677 1315 728 judices,
1335 689 1395 714 re-

281 751 452 794 spuatur,
483 754 551 779 nec
579 740 754 778 Catilinae
783 735 1047 775 familiaritatis
1066 733 1206 771 crimen
1225 731 1366 768 haereat
1381 745 1392 767 z

282 804 337 835 est
356 796 457 834 enim
477 806 678 833 commune
697 805 784 831 cum
810 790 956 837 multis,
987 795 1023 826 et
1050 799 1139 825 cum
1167 783 1395 836 quibusdam

283 851 397 888 etiam
411 850 531 887 bonis.
562 848 632 885 Me
646 847 787 897 ipsum,
800 858 863 882 me
876 843 1067 893 (inquam)
1081 839 1274 891 quondam
1289 850 1397 888 paene

283 904 348 942 ille
366 903 525 953 decepit,
547 914 635 940 cum
654 908 690 938 et
709 900 799 938 civis
812 897 909 936 mihi
923 898 1058 940 bonus,
1076 901 1115 932 et.
1126 891 1261 944 optimi
1271 892 1399 940 cujus-

288 971 362 1009 que
391 956 564 1007 cupidus,
593 962 628 992 et
655 954 788 991 firmus
815 951 959 989 amicus
977 962 1020 987 ac
1037 947 1172 993 fidelis,
1199 945 1398 983 videretur.

287 1012 411 1060 Cujus
448 1023 517 1060 ego
553 1009 718 1046 facinora
762 1006 880 1045 oculis
916 1004 1022 1055 prius
1059 1013 1176 1052 quam
1212 998 1402 1050 opinione,

287 1065 465 1103 manibus
493 1071 580 1101 ante
608 1074 724 1113 quam
750 1059 974 1110 suspicione,
1004 1052 1257 1106 deprehendi;
1286 1051 1402 1101 hujus

284 1119 326 1157 in
346 1116 493 1168 magnis
522 1116 677 1154 catervis
705 1114 913 1152 amicorum
942 1110 974 1148 si
1000 1109 1075 1147 fuit
1102 1107 1216 1145 etiam
1245 1105 1400 1151 Coelius,

284 1172 408 1223 magis
441 1180 508 1217 est,
540 1178 585 1207 ut
609 1170 690 1220 ipse
721 1168 878 1205 moleste
910 1165 1005 1202 ferat
1033 1161 1175 1200 errasse
1204 1173 1244 1198 se
1274 1158 1402 1201 (sicuti

286 1237 578 1275 nonnunquam,
608 1223 647 1260 in
677 1221 808 1260 eodem
827 1219 995 1264 homine,
1015 1229 1078 1254 me
1096 1226 1249 1266 quoque
1271 1211 1404 1250 erroris

287 1279 365 1317 mei
387 1279 573 1329 poenitet),
597 1289 714 1328 quam
741 1282 785 1312 ut
802 1273 910 1311 istius
935 1269 1110 1310 amicitiae
1128 1268 1270 1306 crimen
1287 1265 1405 1303 refor-

288 1333 420 1370 midet.

345 1385 444 1424 VII.
476 1385 612 1435 Itaque
631 1397 654 1420 a
670 1381 880 1420 maledictis
901 1376 1092 1429 pudicitiae
1110 1374 1159 1412 ad
1181 1372 1407 1422 conjuratio-

291 1440 350 1478 nis
367 1438 550 1476 invidiam
562 1437 679 1475 oratio
692 1444 746 1473 est
758 1442 880 1472 vestra
894 1433 1056 1481 delapsa.
1087 1427 1272 1466 posuistis
1287 1426 1404 1474 enim,

291 1501 406 1544 atque
423 1492 463 1528 id
488 1499 616 1528 tamen
643 1490 850 1527 titubanter
875 1493 912 1524 et
941 1483 1113 1529 strictim,
1139 1479 1408 1529 conjurationis

290 1548 407 1592 hunc,
427 1552 579 1596 propter
597 1543 803 1581 amicitiam
817 1539 1007 1583 Catilinae,
1023 1535 1248 1587 participem
1266 1533 1405 1571 fuisse:

291 1601 332 1638 in
352 1612 427 1650 quo
446 1611 523 1636 non
543 1597 658 1635 modo
677 1596 819 1634 crimen
834 1606 912 1631 non
929 1592 1111 1637 haerebat,
1129 1588 1194 1627 sed
1206 1587 1270 1625 vix
1282 1585 1411 1624 diserti

292 1652 536 1692 adolescentis
555 1651 765 1689 cohaerebat
779 1647 910 1686 oratio.
940 1645 1022 1693 Qui
1042 1643 1144 1681 enim
1164 1648 1291 1679 tantus
1303 1640 1408 1677 furor

291 1707 332 1745 in
358 1706 507 1745 Coelio?
537 1704 640 1756 quod
662 1711 812 1741 tantum
840 1707 908 1739 aut
933 1699 974 1736 in
999 1697 1170 1735 moribus
1197 1693 1410 1744 naturaque

294 1761 448 1807 vulnus,
470 1767 536 1797 aut
553 1759 593 1795 in
612 1771 655 1795 re
672 1765 786 1808 atque
804 1753 958 1792 fortuna
971 1754 989 1791 Ρ
1019 1750 1087 1788 ubi
1105 1748 1268 1799 denique
1289 1753 1344 1784 est
1368 1746 1409 1783 in

294 1814 368 1852 ista
382 1813 590 1863 suspicione
600 1811 709 1849 Coelii
719 1821 859 1847 nomen
870 1806 1072 1846 auditum?
1094 1802 1272 1841 Nimium
1286 1799 1411 1837 multa

296 1869 344 1906 de
362 1881 401 1905 re
422 1867 580 1904 minime
608 1864 725 1902 dubia
751 1864 910 1913 loquor:
940 1860 1012 1897 hoc
1039 1865 1166 1895 tamen
1195 1855 1302 1892 dico:
1332 1865 1410 1890 non

298 1921 412 1959 modo
432 1921 462 1958 si
481 1919 602 1958 socius
625 1916 906 1967 conjurationis,
935 1912 1000 1952 sed
1030 1911 1103 1949 nisi
1129 1906 1410 1946 inimicissimus

298 1975 406 2014 istius
425 1973 569 2012 sceleris
588 1972 734 2019 fuisset,
755 1981 955 2020 nunquam
975 1961 1242 2014 conjurationis
1261 1972 1411 1998 accusa-

298 2029 400 2068 tione
432 2025 720 2065 adolescentiam
747 2036 856 2062 suam
879 2020 1121 2073 potissimum
1150 2013 1413 2054 commendare

298 2082 488 2121 voluisset.

354 2135 484 2184 Quod,
504 2133 609 2173 haud
627 2133 716 2181 scio,
742 2145 799 2171 an.
809 2131 857 2170 de
875 2127 1038 2176 ambitu,
1066 2131 1104 2164 et
1127 2123 1177 2163 de
1193 2120 1416 2162 criminibus
