1455 2343
232 89 310 125 230
475 88 589 127 PRO
620 87 886 127 PLANCIO.
917 88 1020 127 CAP.
1045 87 1106 126 13.

232 195 442 246 suspicione
461 196 630 247 quidem,
644 196 762 257 possit
782 207 992 247 agnoscere.
1022 194 1254 235 Bimaritum
1273 210 1341 250 ap-

232 250 366 300 pellas,
398 257 442 288 ut
463 251 577 288 verba
605 250 719 289 etiam
748 249 884 301 fingas,
913 261 989 288 non
1019 250 1144 288 solum
1170 250 1341 290 crimina.

233 303 408 341 Ductum
427 315 507 342 esse
524 306 572 342 ab
588 316 631 342 eo
648 303 689 341 in
707 303 939 355 provinciam
953 302 1120 355 aliquem
1134 303 1240 352 dicis,
1256 306 1344 344 libi„

233 356 333 395 dinis
362 358 500 402 caus-223
531 356 633 409 quod
661 369 737 396 non
767 357 909 395 crimen
929 365 997 405 est,
1024 357 1088 395 sed
1107 357 1343 409 impunitum

232 410 274 448 in
302 411 502 449 maledicto
529 411 796 449 mendacium:
826 418 975 462 raptam
1005 423 1084 449 esse
1111 411 1340 459 mimulam;

233 464 339 516 quod
357 464 494 503 dicitur
511 465 643 503 Atinae
660 465 804 503 factum
823 478 847 502 a
860 466 1014 514 juvene,
1034 470 1156 503 vetere
1174 465 1342 517 quodam

232 518 274 556 in
294 518 455 556 scenicos
470 520 569 568 jure,
590 519 834 569 maximeque
844 517 1045 569 oppidano.
1075 518 1114 557 O
1129 518 1344 558 adolescen-

233 572 327 610 tiam
347 572 557 610 traductam
571 573 759 622 eleganter
775 573 784 609 !
816 572 878 609 cui
896 571 1052 623 quidem
1067 585 1170 620 cum,
1183 574 1287 624 quod
1297 574 1345 612 li-

231 626 364 673 cuerit,
385 626 597 675 objiciatur,
619 633 747 664 tamen
766 625 805 662 id
823 625 951 676 ipsum
966 625 1107 663 falsum
1120 626 1340 677 reperiatur.

233 679 410 717 Emissus
441 680 578 731 aliquis
597 693 616 717 e
635 692 792 726 carcere,
817 686 855 716 et
881 678 1038 730 quidem
1072 678 1252 728 [emissus
1275 695 1344 732 per

232 733 566 785 imprudentiam,]
582 740 627 771 ut
638 733 839 784 cognostis,
855 732 1050 770 necessarii
1068 733 1233 771 hominis
1243 735 1343 786 opti-

233 787 364 838 mique
393 787 636 826 adolescentis
664 793 823 837 rogatu:
855 786 957 824 idem
989 793 1120 837 postea
1152 785 1343 838 [praetoris

233 840 436 902 mandatu]
457 841 672 892 requisitus.
700 841 834 902 Atque
851 840 946 887 haec,
966 852 1036 878 nec
1052 841 1134 879 ulla
1146 840 1234 889 alia,
1254 850 1343 880 sunt

233 895 400 944 conjecta
421 893 691 946 [maledicta]
681 906 721 931 ιιι
740 894 822 943 ejus
841 893 973 941 vitam,
994 893 1042 932 de
1058 895 1169 944 cujus
1186 907 1252 933 vos
1270 909 1343 948 pu·-

232 947 336 994 dore,
357 948 549 999 religione,
566 948 795 999 integritate,
816 947 1007 986 dubitetis.

286 1001 412 1040 XHI.
443 1003 558 1040 Pater
570 1015 670 1050 vero,
691 1001 829 1053 inquit,
851 1001 965 1039 etiam
983 1003 1112 1040 obesse
1126 1001 1205 1040 filio
1218 1002 1341 1042 debet.

235 1054 275 1093 O
289 1068 418 1094 vocem
437 1056 573 1094 duram
587 1063 702 1107 atque
714 1055 911 1107 indignam
925 1055 994 1094 tua
1010 1055 1210 1106 probitate,
1226 1056 1344 1096 Late.

233 1109 350 1147 rensis
365 1110 375 1147 Σ
408 1110 522 1148 Pater
540 1117 583 1148 ut
600 1109 641 1147 in
657 1109 800 1159 judicio
820 1109 965 1161 capitis,
984 1116 1092 1160 pater
1108 1116 1153 1147 ut
1169 1110 1210 1148 in
1230 1110 1344 1149 dimi-

233 1163 379 1201 catione
396 1164 650 1211 fortunarum,
671 1170 778 1214 pater
791 1170 838 1201 ut
855 1162 958 1214 apud
971 1163 1065 1201 tales
1083 1163 1195 1212 viros,
1215 1164 1345 1204 obesse

234 1216 314 1254 filio
342 1217 509 1255 debeat?
539 1217 606 1268 qui
636 1217 667 1255 si
686 1225 781 1255 esset
798 1217 1055 1268 turpissimus,
1085 1217 1117 1255 si
1135 1217 1344 1257 sordidissi-

232 1282 334 1317 mus,
349 1277 475 1308 tamen
486 1270 570 1321 ipso
581 1270 734 1308 nomine
745 1271 867 1321 patrio
878 1271 1018 1309 valeret
1029 1270 1131 1322 apud
1143 1272 1345 1312 clementes

229 1323 376 1372 judices
395 1330 432 1361 et
455 1324 735 1371 misericordes:
766 1325 918 1372 valeret,
948 1324 1122 1374 inquam,
1149 1327 1344 1364 communi

233 1388 345 1414 sensu
358 1377 545 1424 omnium,
561 1385 598 1415 et
616 1377 834 1415 dulcissima
845 1377 1170 1416 commendatione
1183 1386 1341 1419 naturae.

233 1430 308 1468 Sed
328 1442 416 1468 cum
435 1431 483 1468 sit
502 1430 572 1468 Cn.
595 1431 802 1469 Plancius'
792 1443 824 1468 1s
842 1444 955 1482 eques
974 1431 1188 1480 Romanus,
1203 1445 1246 1470 ea
1263 1434 1343 1484 pri..

233 1495 343 1521 mum
362 1491 546 1522 vetustate
565 1485 748 1536 equestris
775 1484 928 1532 ordinis,
959 1491 1004 1522 ut
1020 1491 1140 1536 pater,
1170 1492 1215 1524 ut
1232 1500 1341 1538 avus,

233 1546 278 1576 ut
288 1538 449 1586 majores
467 1539 547 1587 ejus
566 1550 711 1586 omnes,
727 1538 871 1589 equites
882 1538 1050 1576 Romani
1067 1537 1221 1587 fuerint,
1237 1555 1344 1580 sum..

231 1603 343 1629 mum
361 1591 401 1629 in
419 1592 642 1642 praefectura
659 1591 922 1630 florentissima
932 1591 1094 1642 gradum
1105 1595 1295 1633 tenuerint
1306 1603 1343 1635 et

232 1645 428 1696 dignitatis
447 1652 483 1683 et
497 1646 653 1696 gratiae;
682 1645 830 1693 deinde,
846 1653 890 1684 ut
907 1645 988 1706 ipse
1006 1644 1046 1682 in
1063 1646 1279 1696 legionibus
1293 1651 1340 1688 P.

235 1698 399 1746 Crassi,
388 1699 639 1750 imperatoris,
659 1699 759 1737 inter
769 1699 1025 1738 ornatissimos
1035 1699 1224 1750 homines,
1237 1703 1344 1754 equi*¹

234 1759 290 1790 tes
322 1753 531 1801 Romanos,
563 1765 715 1791 summo
744 1753 940 1804 splendore
969 1753 1111 1799 fuerit;
1139 1761 1184 1792 ut
1214 1763 1343 1807 postea.

233 1806 408 1868 princeps
425 1806 523 1844 inter
538 1819 649 1844 suos·
638 1836 649 1853 ,
671 1807 924 1858 plurimarum
943 1819 1071 1845 remm
1089 1808 1344 1849 sanctissimus

234 1866 272 1898 et
285 1859 517 1909 justissimus
533 1860 680 1910 judex3
699 1860 957 1899 maximarum
970 1860 1189 1900 societatum
1199 1870 1342 1913 auctor,

234 1912 488 1965 plurimarum
506 1916 711 1965 magister3
740 1914 773 1952 si
797 1925 875 1953 non
891 1914 1034 1953 modo
1023 1926 1064 1952 m
1082 1926 1127 1953 eo
1150 1916 1246 1955 nihil
1270 1930 1349 1956 un-

234 1979 352 2028 quam
371 1967 654 2018 reprehensum,
674 1968 741 2006 sed
757 1968 914 2007 laudata
927 1975 1016 2007 sunt
1033 1969 1186 2015 omnia;
1215 1977 1344 2010 tamen

233 2021 266 2059 is
283 2021 403 2060 oberit
420 2021 681 2060 honestissimo
701 2021 780 2060 filio
806 2029 926 2073 pater,
957 2022 1025 2073 qui
1042 2022 1102 2060 vel
1129 2023 1257 2063 minus
1276 2025 1347 2063 ho—

234 2082 386 2113 nestum
405 2082 442 2113 et
459 2076 627 2114 alienum
646 2075 758 2125 tueri,
778 2076 839 2115 vel
857 2076 1078 2115 auctoritate
1096 2076 1165 2116 sua
1183 2078 1243 2117 vel
1259 2091 1348 2130 gra-

235 2127 304 2176 tia,
324 2131 482 2180 posset?

285 2181 484 2235 Asperius,
516 2184 655 2236 inquit,
689 2185 839 2224 locutus
869 2191 924 2224 est
951 2182 1095 2236 aliquid
1125 2184 1344 2238 aliquandoe
