1425 2334
367 77 479 114 PRO
511 76 734 114 SEXTIO.
765 78 868 114 CAP.
889 78 953 114 6⁴.
1133 79 1211 115 319

98 195 186 231 gem
205 194 287 220 eam
307 189 537 242 contemnat,
558 194 643 232 quae
669 181 831 218 dilucide
851 190 962 227 vetat,
983 184 1206 246 gladiatores

98 235 261 279 biennio,
275 247 352 285 quo
370 235 456 285 quis
473 234 634 284 petierit,
650 242 716 271 aut
735 234 919 284 petiturus
940 235 999 278 sit,
1014 237 1133 274 dare?
1158 237 1202 274 In

94 300 172 337 quo
189 288 271 336 ejus
289 288 536 325 temeritatem
557 287 645 325 satis
658 286 801 333 mirari,
818 287 976 335 judiees,
998 299 1071 325 non
1093 302 1200 339 queo.

94 339 201 378 Facit
224 340 456 391 apertissime
483 347 611 378 contra
631 341 777 390 legem:
807 340 930 376 facit
921 353 965 387 1s,
993 341 1058 391 qui
1078 354 1200 392 neque

90 393 189 431 elabi
207 406 254 431 ex
269 393 411 442 judicio
426 393 663 442 jucunditate
682 406 764 437 sua,
784 405 907 443 neque
925 394 1044 430 emitti
1063 395 1196 443 gratia,

90 453 225 496 potest,
245 458 369 497 neque
386 447 522 498 opibus
540 454 577 484 et
594 446 763 497 potentia
780 447 880 495 leges
899 460 941 484 ac
957 446 1099 507 judicia
1112 461 1197 497 pcr-

89 498 261 550 fringere.
292 500 392 546 Quae
416 513 474 538 res
500 500 694 538 hominem
712 499 888 550 impellit,
914 507 956 536 ut
975 500 1022 537 sit
1041 507 1119 536 tam
1138 500 1196 537 in-

89 555 333 603 temperans?
369 553 450 591 Ista
476 553 597 591 nimia
623 552 753 603 gloriae
779 552 984 603 cupiditate
1011 553 1195 591 familiam

88 605 351 655 gladiatoriam
372 606 514 652 (credo)
533 612 663 644 nactus
682 614 750 651 est,
774 606 993 656 speciosam,
1015 606 1194 653 nobilem,

87 658 314 708 gloriosam:
343 661 454 697 notat
467 659 591 698 studia
608 659 740 710 populi
757 674 766 696 :
789 659 937 696 videbat
956 660 1136 697 clamores
1156 669 1192 696 et

86 723 287 750 concursus
313 712 472 751 futuros.
510 713 596 750 Hac
623 712 898 763 exspectatione
922 713 1040 750 elatus
1063 712 1190 759 honio,

85 764 246 815 flagrans
264 765 468 816 cupiditate
486 766 628 816 gloriae,
649 775 773 804 tenere
788 778 825 804 se
843 778 919 803 non
938 765 1074 816 potuit,
1095 766 1188 816 quin

84 817 152 855 hos
170 818 393 868 gladiatores
410 819 616 865 induceret,
631 832 795 869 quorum
814 826 906 856 esset
925 818 1003 869 ipse
1016 819 1190 869 pulcher,

83 870 215 908 rimus.
244 872 285 910 Si
303 873 352 910 ob
364 885 447 910 eam
466 885 617 910 causam
631 880 812 922 peccaret,
826 879 876 917 et,
892 885 960 922 pro
974 871 1110 909 recenti
1122 885 1189 922 po-

82 923 165 973 puli
182 924 350 963 Romani
373 925 411 962 in
433 938 471 963 se
488 925 682 971 beneficio,
702 925 876 976 populari
896 925 1019 962 studio
1038 925 1157 962 elatus
1174 939 1186 968 ;

82 985 210 1015 tamen
234 978 440 1028 ignosceret
464 991 599 1016 nemo:
631 991 719 1016 cum
748 992 834 1016 vero
856 990 903 1015 ne
927 978 973 1015 de
992 978 1190 1015 venalibus

80 1029 236 1080 quidem
252 1031 425 1069 homines
443 1032 590 1078 electos,
606 1031 671 1069 sed
689 1044 735 1069 ex
755 1031 950 1081 ergastulis
969 1039 1101 1076 emtos,
1122 1043 1188 1068 nc-

80 1083 247 1121 minibus
265 1084 495 1135 gladiatoriis
514 1085 669 1132 ornarit,
686 1092 722 1122 et
733 1085 862 1122 sortito
873 1084 964 1121 alios
983 1084 1184 1129 Samnites,

79 1135 171 1174 alios
196 1137 471 1183 Provocatores,
498 1137 654 1182 fecerit3
685 1146 789 1176 tanta
813 1137 975 1182 licentia,
1005 1144 1109 1174 tanta
1133 1137 1186 1173 le-

77 1202 172 1239 gum
186 1191 402 1238 contemtio,
417 1203 532 1241 quem
546 1191 722 1229 habitura
741 1191 787 1228 sit
807 1190 966 1237 exitum,
981 1202 1054 1227 non
1070 1189 1186 1240 perti-

77 1243 236 1281 mescit?

128 1295 204 1334 Sed
222 1296 335 1334 habet
352 1296 585 1335 defensiones
599 1297 716 1335 duas:
747 1297 930 1348 primum
950 1295 1028 1342 Do,
1042 1296 1180 1346 inquit,

75 1349 292 1387 bestiarios:
323 1351 387 1388 lex
405 1358 462 1388 est
480 1350 617 1401 scripta
635 1350 682 1388 de
699 1350 980 1401 gladiatoribus.
1019 1349 1180 1386 Festive.

74 1402 248 1453 Accipite
265 1403 410 1454 aliquid
427 1403 541 1441 etiam
560 1403 717 1441 acutius.
746 1403 851 1441 Dicit
870 1416 921 1449 se,
942 1414 1018 1439 non
1036 1401 1180 1451 gladia-

73 1462 184 1503 tores,
212 1455 278 1494 sed
294 1469 416 1494 unum
435 1456 681 1507 gladiatorem
700 1456 802 1501 dare,
824 1464 861 1494 et
880 1463 997 1493 totam
1026 1455 1182 1492 aedilita-

72 1516 151 1547 tem
179 1508 219 1546 in
241 1521 382 1547 munus
403 1510 474 1547 hoc
501 1509 744 1548 transtulisse.
784 1509 969 1546 Praeclara
996 1507 1176 1546 aedilitas:

73 1573 172 1600 unus
189 1561 273 1607 leo;
302 1562 456 1601 ducenti
473 1563 649 1601 bestiarii.
688 1562 836 1600 Verum
860 1570 990 1599 utatur
1017 1561 1087 1598 hac
1115 1561 1179 1598 de-

70 1615 259 1653 fensione:
280 1615 392 1666 cupio
405 1628 495 1654 eum
508 1629 586 1653 suae
600 1629 721 1654 causae
736 1615 930 1653 confidere.
961 1614 1064 1653 Solet
1078 1614 1178 1651 enim

72 1668 242 1706 tribunos
259 1668 380 1718 plebis
405 1669 610 1720 appellare,
637 1677 673 1707 et
692 1669 730 1706 vi
745 1668 933 1717 judicium
952 1667 1175 1708 disturbare,

71 1733 159 1758 cum
182 1720 329 1758 diffidit.
360 1721 490 1768 Quem
515 1734 591 1759 non
614 1729 694 1760 tam
715 1721 893 1768 admiror,
923 1720 1026 1771 quod
1050 1732 1173 1756 meam

69 1775 193 1824 legem
216 1781 444 1822 contemnat,
470 1774 635 1813 hominis
661 1775 820 1820 inimici,
849 1786 980 1824 quam,
1010 1772 1112 1823 quod
1139 1786 1178 1809 se

69 1826 199 1865 statuit
211 1826 366 1864 omnino
377 1827 611 1866 consularem
620 1828 744 1877 legem
756 1827 904 1864 nullam
918 1834 1062 1876 putare.
1093 1825 1176 1862 Cae-

70 1879 209 1928 ciliam,
238 1879 408 1927 Didiam,
438 1879 641 1918 Liciniam-
644 1880 835 1926 Juniam,
845 1878 1053 1917 contemsit.
1091 1877 1125 1914 F
1129 1885 1176 1914 ιι

69 1945 181 1970 amne
199 1933 295 1981 ejus,
316 1945 431 1982 quem
450 1945 519 1970 sua
536 1932 620 1984 lege
644 1940 682 1971 et
699 1946 766 1971 suo
784 1931 964 1970 beneficio
982 1938 1173 1971 ornatum

69 1985 277 2030 munitum,
297 1993 486 2023 armatum
505 1986 598 2024 solet
615 1986 780 2036 gloriari,
809 1985 853 2022 C.
875 1983 1032 2022 Caesaris
1051 1983 1173 2032 legem

68 2039 115 2076 de
141 2038 309 2088 pecuniis
332 2038 547 2098 repetundis
576 2051 650 2076 non
681 2046 790 2089 putat
820 2050 896 2075 esse
926 2037 1072 2086 legem.
1064 2037 1081 2060 ‘³
1122 2035 1173 2072 Et

67 2092 190 2138 aiunt,
220 2091 311 2129 alios
338 2104 428 2138 csse,
453 2092 519 2144 qui
541 2099 624 2132 acta
649 2092 806 2130 C-aesaris
831 2089 1057 2135 rescindant,
1087 2102 1174 2128 cum
