1425 2334
284 129 427 171 POST
455 128 730 170 REDITUM
758 129 793 169 1.
823 129 927 169 CAP.
956 132 994 169 4.
1136 130 1189 170 95

86 236 245 289 mligine
263 244 301 276 et
331 236 493 276 tenebris
510 235 635 274 lucem
652 236 691 274 in
715 235 906 287 republica
925 235 1100 276 Calendis
1118 236 1190 275 Ja-

86 291 229 329 nuariis
247 290 425 342 dispicere
451 290 635 341 coepistis;
664 303 752 328 cum
776 289 827 337 Q.
852 289 1016 337 Metelli,
1036 291 1192 328 nobilis-

86 344 174 382 simi
201 344 366 382 hominis
401 351 514 394 atque
547 343 681 394 optimi
710 343 793 388 viri,
827 356 978 381 summa
1010 343 1188 394 dignitas,

86 409 175 438 cum
204 405 423 449 praetorum,
454 396 694 435 tribunorum
719 396 839 447 plebis
864 409 971 447 paene
1000 397 1187 443 omnium,

86 450 207 489 virtus
226 458 263 488 et
281 449 386 497 fidae,
408 449 624 501 reipublicae
645 450 899 495 subvenisset3
930 462 1018 487 cum
1037 450 1186 497 virtute,

87 503 222 554 gloria,
235 505 346 541 rebus
358 503 485 554 gestiS,
499 503 570 541 Cn.
582 503 801 554 Pompeius,
817 503 988 540 omnium
1003 503 1105 553 genti
1107 516 1188 563 arn,

87 557 262 594 omnium
291 557 528 605 saeculorum,
559 556 681 594 omnis
709 556 914 604 memoriae,
942 556 1052 594 facile
1085 557 1190 607 prin-

88 622 189 660 ceps,
208 617 290 648 tuto
310 622 348 647 se
366 609 405 647 in
425 617 597 647 senatum
616 609 740 647 venire
764 610 1033 654 arbitraretur;
1062 616 1190 647 tantus

89 670 209 701 vester
226 675 427 701 consensus
455 663 502 701 de
520 664 640 701 salute
661 663 747 700 mea
765 663 852 710 fuit,
871 670 915 700 ut
933 675 1066 713 corpus
1084 664 1190 701 abes-

90 722 146 755 set
158 729 304 763 meum,
323 715 486 766 dignitas
501 717 582 765 jam
600 716 638 753 in
658 716 819 766 patriam
837 716 1056 754 revertisset.

143 769 234 817 Quo
252 769 408 821 quidem
426 782 567 830 mense,
589 769 681 820 quid
699 769 796 807 inter
812 782 875 807 me
890 776 926 806 et
943 782 1046 807 meos
1064 768 1193 806 inimi-

91 835 152 866 cos
170 823 374 870 interesset,
397 822 609 861 existimare
634 822 818 873 potuistis.
846 822 932 872 Ego
950 835 1075 860 meam
1094 823 1195 860 salu-

91 882 168 913 tem
189 875 348 921 deserui,
377 888 438 922 ne,
459 883 611 926 propter
628 889 704 923 me,
725 875 863 913 civium
883 876 1100 913 vulneribus
1118 888 1196 913 res-

90 929 244 980 publica
271 936 552 967 cruentaretur:
583 929 640 966 1111
666 941 795 966 meum
819 928 997 975 reditum,
1025 941 1099 966 non
1124 941 1194 979 po-

90 982 174 1033 puli
193 981 360 1020 Romani
378 981 580 1032 suffragiis,
601 982 665 1020 sed
683 982 839 1020 flumine
858 981 1062 1032 sanguinis,
1078 982 1194 1019 inter-

90 1035 322 1079 cludendum
340 1042 578 1086 putaverunt.
609 1035 744 1086 Itaque
762 1042 889 1086 postea
906 1035 1002 1072 nihil
1020 1048 1085 1073 vos
1104 1035 1194 1072 civi-

89 1090 176 1135 bus,
207 1088 304 1126 nihil
332 1088 452 1135 sociis,
483 1089 579 1126 nihil
610 1089 760 1138 regibus
789 1087 1029 1138 respondistis
1045 1103 1054 1125 :
1097 1088 1193 1125 nihil

86 1141 234 1190 judicos
259 1141 463 1188 sententiis,
489 1141 585 1179 nihil
609 1142 774 1192 populus
792 1141 994 1191 suffragiis,-
1011 1141 1107 1178 nihil
1131 1141 1193 1178 hic

89 1194 183 1232 ordo
198 1194 416 1232 auctoritate
429 1194 654 1233 declaravit:
683 1202 835 1232 mutum
848 1194 988 1242 forum,
1003 1194 1193 1244 elinguem

90 1248 249 1295 curiam,
270 1247 422 1285 tacitam
441 1255 478 1285 et
496 1247 653 1286 fractam
667 1247 870 1296 civitatem,
890 1247 1084 1285 videbatis.

142 1300 234 1348 Quo
252 1300 408 1352 quidem
422 1308 603 1352 tempore,
624 1314 711 1339 cum
729 1301 760 1338 is
779 1300 1004 1348 excessisset,
1020 1300 1087 1352 qui
1101 1299 1193 1338 caedi

90 1362 128 1392 et
145 1354 324 1401 flammae,
345 1354 450 1392 vobis
466 1355 693 1402 auctoribus,
713 1354 910 1402 restiterat,
935 1366 1022 1391 cum
1041 1353 1137 1391 ferro
1156 1360 1193 1391 et

40 1423 43 1427 ·
89 1407 235 1449 facibus
251 1407 424 1445 homines
441 1407 521 1445 tota
543 1410 637 1446 urbe
665 1407 876 1453 volitantes,
899 1407 1191 1457 magistratuum

88 1467 186 1499 tecta
203 1460 440 1511 impugnata,
465 1460 638 1498 Deorum
660 1461 804 1511 templa
820 1460 1069 1506 inflammata,
1089 1472 1194 1497 sum-

89 1514 145 1555 1111
163 1513 234 1551 viri
251 1521 288 1551 et
306 1513 501 1552 clarissimi
519 1514 680 1552 consulis
698 1514 814 1552 fasces
832 1513 981 1560 fractos,
1001 1512 1194 1551 fortissimi

90 1574 204 1618 atque
223 1567 357 1618 optimi
381 1567 465 1614 viri,
485 1567 627 1605 tribuni
651 1567 785 1618 plebis,
811 1567 1088 1605 sanctissimum
1112 1579 1193 1604 cor-

89 1633 177 1672 pus,
196 1631 272 1657 non
292 1627 436 1658 tactum
454 1633 497 1658 ac
515 1621 698 1659 violatum
715 1633 848 1668 manu,
868 1620 934 1658 sed
951 1620 1192 1658 vulneratum

90 1673 188 1715 ferro
213 1673 515 1724 confectumque,
547 1673 700 1711 vidistis.
742 1673 833 1720 Qua
866 1681 987 1723 strage
1017 1672 1193 1711 nonnulli

89 1726 252 1777 permoti
283 1726 524 1777 magistratus
553 1727 709 1778 (partim
740 1734 846 1765 metu
876 1726 1021 1774 mortis,
1052 1725 1194 1777 partim

90 1779 345 1830 desperatione
363 1779 594 1830 reipublicae)
613 1781 773 1831 paulum
799 1793 822 1817 a
839 1792 926 1817 mea
944 1792 1058 1817 causa
1075 1791 1194 1817 reces-

91 1838 247 1876 serunt·
277 1833 413 1883 reliqui
442 1833 609 1881 fuerunt,
641 1846 734 1884 quos
759 1845 882 1893 neque
913 1839 1042 1880 terror,
1073 1844 1197 1883 neque

92 1885 161 1932 vis,
185 1897 254 1923 nec
281 1898 378 1936 spes,
404 1898 473 1924 nec
496 1894 634 1934 metus,
662 1899 732 1925 1188
755 1886 953 1937 promissa,
974 1898 1042 1924 nec
1065 1885 1194 1931 minae,

91 1950 161 1977 nec
192 1938 282 1986 tela,
316 1951 384 1976 nec
413 1939 524 1988 faces,
555 1953 578 1977 a
607 1940 729 1978 vestra
753 1939 985 1986 auctoritate,
1016 1951 1039 1976 a
1065 1938 1198 1990 populi

92 1991 261 2035 Romani
280 1991 476 2042 dignitate,
497 2006 520 2031 a
537 2006 623 2031 mea
640 1993 775 2040 salute,
795 1992 1035 2043 depellerent.

147 2045 221 2083 IV.
253 2045 432 2095 Princeps
451 2046 497 2084 P.
519 2045 720 2094 Lentulus,
727 2059 868 2106 ‘parens
879 2058 921 2083 ac
933 2045 1041 2083 Deus
1059 2050 1195 2081 nostrae

94 2097 194 2145 vitae,
214 2097 389 2145 fortunae,
408 2099 614 2147 memoriae,
634 2099 811 2147 11011111115,
830 2099 901 2137 1108
919 2098 1105 2150 specimen
1121 2096 1195 2134 vir-

94 2150 199 2199 tutis,
225 2151 297 2189 hoc
314 2150 497 2190 indicium
515 2152 648 2200 animi,
667 2152 739 2191 hoc
755 2153 886 2190 lumen
905 2151 1118 2189 consulatus
1137 2148 1196 2186 sui

92 2201 172 2242 fore
189 2204 352 2256 putavit,
383 2204 413 2243 si
431 2217 493 2244 me
511 2204 621 2254 mihi,
648 2205 678 2243 si
697 2205 805 2255 meis,
825 2204 856 2244 si
881 2204 1000 2251 vobis,
1020 2203 1051 2242 si
1070 2202 1197 2254 reipu-
