1425 2334
315 104 426 142 PRO
456 103 678 143 sEX'rlo.
709 106 812 142 CAJ‘.
842 106 905 142 60.
1091 103 1169 140 315

63 222 138 260 que
155 210 342 249 concionis
355 210 486 255 ullius,
500 223 622 261 neque
637 223 723 248 vero
736 210 903 248 ullorum
916 209 1168 249 comitiorum.

64 263 160 302 Haec
177 263 294 314 igitur
322 263 610 301 innumerabilis
628 263 829 301 hominum
848 262 1069 306 multitudo,
1089 262 1170 299 haec

59 316 192 367 populi
211 316 379 354 Romani
397 324 502 354 tanta
520 316 756 366 significatio,
776 316 857 354 sine
875 316 957 354 ulla
976 316 1169 363 varietate,

61 369 238 417 universi,
259 382 346 407 cum
371 369 447 407 illis
464 370 555 420 ipsis
577 369 710 408 diebus
728 369 775 407 de
792 382 854 407 me
874 377 1000 407 actum
1031 369 1077 406 iri
1096 381 1169 419 pu-

61 430 216 470 taretur,
247 422 341 473 quid
366 422 582 470 declaravit,
607 423 678 460 nisi
697 423 928 473 optimorum
952 422 1092 460 civium
1112 434 1170 459 sa-

63 475 184 513 lutem
203 483 241 514 et
258 475 483 526 dignitatem
497 477 639 527 populo
651 477 829 515 Romano
847 488 972 514 caram
988 488 1067 513 esse
1084 474 1172 513 uni-

62 541 166 566 verso
181 531 198 567 Ρ

114 583 174 619 At
202 595 289 620 vero
315 589 352 620 et
376 582 441 620 ille
472 582 648 621 tribunus
671 583 806 634 plebis,
833 582 902 634 qui
926 582 974 620 de
998 594 1074 628 me,
1094 593 1170 619 non

60 635 192 685 patris,
220 635 295 683 avi,
325 635 470 686 proavi,
496 638 688 686 majorum
709 637 874 687 denique
904 648 1059 673 suorum
1087 647 1172 672 om-

60 688 184 735 nium,
205 688 270 726 sed
289 688 552 727 Graeculorum
571 691 758 737 instituto,
779 689 996 727 concionem
1013 688 1172 726 interro-

59 753 148 791 gare
166 742 323 790 solebat,
355 743 573 781 “Velletne
596 755 659 781 me
688 743 807 781 redire
820 743 862 789 ;''
891 749 942 786 et,
974 753 1062 780 cum
1093 748 1174 779 erat

58 794 307 832 reclamatum
327 796 516 834 semivivis
529 797 846 834 mercenariorum
865 795 1032 841 vocibus,
1048 807 1172 845 popu-

61 847 144 885 lum
176 849 399 886 Romanum
428 861 564 899 negare
597 850 743 887 dicebat
759 864 769 887 z
799 849 845 896 is,
881 861 968 886 cum
1002 847 1171 898 quotidie

60 900 285 950 gladiatores
303 910 499 953 spectaret,
523 915 723 954 nunquam
754 909 809 940 est
828 908 1061 952 conspectuS,
1083 912 1171 938 cum

61 953 204 992 veniret
221 968 231 992 ε
262 957 478 1006 emergebat
496 956 636 1002 subito,
653 969 739 994 cum
758 957 827 994 sub
847 955 995 992 tabulas
1014 955 1173 1004 subrep-

60 1014 171 1053 serat,
206 1015 249 1045 ut
280 1010 307 1030 “
322 1009 464 1055 Mater,
498 1016 535 1046 te
567 1009 744 1060 appello'’
778 1008 948 1046 dicturus
972 1007 1172 1045 videretur.

63 1060 199 1110 Itaque
216 1060 283 1099 illa
298 1062 359 1100 via
372 1063 574 1109 latebrosa,
591 1063 669 1112 qua
683 1068 893 1112 spectatum
907 1061 972 1099 ille
984 1060 1171 1107 veniebat,

60 1113 192 1164 Appia
217 1115 301 1162 jam
320 1117 534 1153 vocabatur.
564 1115 647 1162 Qui
671 1123 799 1153 tamen
819 1126 973 1166 quoquo
1002 1121 1172 1164 tempore

60 1175 279 1217 conspectus
299 1175 390 1215 erat,
410 1181 486 1206 non
504 1169 620 1206 modo
638 1168 877 1218 gladiatores,
906 1167 974 1205 sed
992 1166 1081 1217 equi
1099 1166 1171 1217 ipsi

61 1219 328 1269 gladiatorum,
349 1222 553 1272 repentinis
573 1222 690 1259 sibilis
710 1222 1018 1259 extimescebam.

114 1273 312 1312 Videtisne
329 1273 460 1324 igitur,
481 1282 670 1325 quantum
689 1274 788 1312 inter
806 1274 994 1325 populum
1024 1273 1172 1310 Roma-

58 1338 154 1363 num
173 1334 210 1364 et
227 1327 445 1365 concionem
463 1328 637 1366 intersit?
665 1327 837 1365 dominos
851 1326 1075 1365 concionum
1091 1338 1173 1363 om-

57 1379 98 1416 ni
126 1379 214 1418 odio
241 1380 376 1431 populi
401 1381 554 1418 notari?
583 1381 722 1432 quibus
747 1387 875 1418 autem
905 1379 1103 1417 consistere
1131 1379 1172 1416 in

57 1445 257 1483 operarum
287 1434 529 1472 concionibus
556 1446 634 1472 non
661 1434 786 1481 liceat,
817 1446 880 1471 eos
904 1433 1011 1471 omni
1039 1432 1173 1484 populi

60 1486 228 1524 Romani
246 1486 517 1538 significatione
535 1487 702 1525 decorari
716 1490 733 1525 :³

111 1539 178 1577 Tu
213 1540 311 1578 mihi
346 1540 461 1578 etiam
485 1541 546 1578 M.
572 1541 742 1578 Atilium
769 1540 968 1591 Regulum
1004 1551 1171 1577 comme-

59 1604 198 1639 moras,
218 1593 286 1644 qui
303 1593 423 1632 redire
434 1594 515 1644 ipse
534 1593 806 1645 Carthaginem
825 1593 895 1631 sua
913 1593 1108 1631 voluntate
1122 1591 1171 1629 ad

59 1645 306 1696 supplicium,
326 1659 444 1697 quam
464 1648 561 1690 (sine
578 1647 626 1685 iis
647 1647 817 1698 captivis,
846 1659 869 1684 a
888 1646 1027 1698 quibus
1046 1645 1095 1683 ad
1114 1658 1171 1683 se-

59 1706 195 1736 natum
225 1699 364 1738 missus
397 1707 493 1747 erat)
523 1701 662 1739 Romae
692 1712 860 1748 manere,
898 1699 1077 1737 maluerit
1089 1698 1107 1734 Ρ
1136 1705 1174 1735 et

58 1751 155 1788 mihi
184 1763 298 1802 negas
326 1753 537 1803 optandum
567 1753 732 1792 reditum
761 1753 877 1791 fuisse
907 1765 975 1804 per
1005 1750 1170 1790 familias

61 1812 296 1855 comparatas
315 1812 353 1843 et
369 1805 541 1845 homines
559 1813 735 1845 armatos.

114 1857 205 1895 LX.
234 1858 329 1896 Vim
359 1859 500 1897 scilicet
528 1872 598 1911 ego
629 1859 849 1906 desideravi,
881 1858 963 1910 qui,
994 1857 1088 1895 dum
1115 1856 1171 1894 vis

61 1910 148 1957 fuit,
168 1911 265 1948 nihil
283 1911 357 1961 egi,
388 1918 425 1949 et
443 1925 572 1963 quem,
592 1913 625 1950 si
646 1913 702 1951 vis
725 1925 800 1951 non
820 1911 965 1958 fuisset,
986 1909 1094 1948 nulla
1112 1921 1171 1947 res

60 1963 284 2002 labefactare
300 1965 494 2015 potuisset.
524 1965 643 2004 Hunc
654 1979 724 2017 ego
737 1965 901 2004 reditum
916 1963 1169 2015 repudiarem,

60 2016 128 2067 qui
146 2016 200 2054 ita
217 2017 352 2055 florens
370 2017 458 2065 fuit,
477 2025 522 2056 ut
539 2032 681 2067 verear,
694 2031 742 2057 ne
760 2019 846 2070 quis
863 2030 926 2055 me
945 2016 1069 2055 studio
1087 2015 1169 2065 glo-

60 2069 126 2106 riae
155 2077 263 2120 putet
300 2069 438 2108 idcirco
469 2073 604 2119 exisse,
635 2079 679 2110 ut
714 2072 768 2110 ita
803 2071 964 2109 redirem
980 2072 998 2108 ?
1038 2068 1169 2115 Quem

60 2121 163 2160 enim
191 2135 364 2174 unquam
393 2131 544 2163 senatus
574 2125 709 2171 civem,
743 2124 815 2162 nisi
845 2135 921 2170 me,
952 2121 1169 2160 nationibus

60 2175 195 2214 exteris
213 2176 491 2215 commendavit
504 2180 522 2216 Ρ
551 2179 660 2227 cujus
687 2189 859 2228 unquam
887 2183 1038 2228 propter
1066 2174 1168 2212 salu-
