1455 2343
185 93 265 133 212
337 91 415 131 DE
436 91 677 131 HARUSP.
699 89 966 131 RESPONS.
986 89 1092 129 CAP.
1113 91 1179 156 25.

190 200 344 241 Etrusci
360 199 449 239 libri
478 206 577 238 certa
594 199 765 246 nomina,
785 211 872 250 quae
890 198 929 236 in
955 197 996 236 id
1021 210 1141 249 genus
1158 196 1303 236 civium

191 254 324 294 cadere
341 261 511 306 possunt.
542 255 570 276 “
586 253 815 301 Deteriores,
834 252 1046 304 repulsos,’'
1079 251 1203 303 [quod
1216 252 1301 300 jam

193 307 389 360 audietis,]
418 308 487 346 hos
513 308 719 360 appellant,
753 319 918 358 quorum
946 314 983 344 et
1009 312 1155 344 mentes
1185 311 1221 342 et
1244 317 1306 342 res

194 369 284 401 sunt
301 361 470 414 perditae,
490 362 679 412 longeque
699 374 721 398 a
739 359 934 398 communi
955 360 1076 398 salute
1093 359 1304 408 disjunctae.

196 416 342 463 Quare,
362 429 451 454 cum
474 415 543 452 Dii
560 415 794 453 immortales
811 420 969 452 monent
987 413 1034 451 de
1061 411 1307 464 optimatium

196 469 403 516 discordiis,
437 469 484 507 de
513 469 806 507 clarissimorum
843 475 880 505 et
910 467 1053 518 optime
1084 466 1308 504 meritorum

196 523 337 562 civium
356 522 583 561 dissensione
600 522 822 573 praedicunt.
852 521 954 559 Cum
964 520 1199 572 principibus
1210 518 1310 570 peri-

199 578 331 615 culum
349 577 566 627 caedemque
584 575 829 627 portendunt,
849 575 890 612 in
914 581 998 612 tuto
1017 575 1201 612 collocant
1220 573 1310 611 Clo-

198 630 322 679 dium,
354 630 422 682 qui
450 636 601 667 tantum
627 631 732 668 abest
761 642 784 667 a
806 628 1055 680 principibus,
1079 634 1269 679 quantum
1287 639 1310 664 a

199 684 319 737 puris,
340 690 530 735 quantum
548 696 571 720 a
588 682 782 733 religiosis.

253 737 390 785 Vobis,
410 749 433 775 o
451 736 650 775 clarissimi
676 743 790 788 atque
812 735 948 787 optimi
965 734 1088 774 cives!
1120 741 1158 772 et
1178 740 1314 773 ,vestrae

202 792 331 839 saluti,
351 790 625 829 consulendum
640 797 678 828 et
694 789 1001 842 prospiciendum
1012 788 1153 827 vident.
1182 787 1315 830 Caedes
1371 780 1378 787 ⁸

201 845 421 897 principum
450 844 682 883 ostenditur:
712 843 766 893 id,
793 843 898 895 quod
924 842 1122 892 interitum
1151 842 1315 893 optima-

203 899 305 938 tium
323 897 430 950 sequi
447 910 595 937 necesse
614 907 683 946 est,
703 897 925 948 adjungitur
937 912 948 934 :
978 909 1026 934 ne
1051 896 1092 933 in
1110 895 1225 934 unius
1241 895 1317 933 im-

203 953 354 1006 perium
373 965 431 990 res
455 951 609 1000 recidat,
635 951 897 990 admonemur.
926 950 995 988 Ad
1023 962 1140 1001 quem
1167 956 1318 988 metum

204 1007 237 1045 si
254 1007 429 1045 Deorum
446 1005 601 1044 monitis
614 1017 692 1043 non
706 1005 943 1052 duceremur,
959 1010 1087 1042 tamen
1104 1003 1178 1055 ipsi
1191 1009 1319 1045 nostro

205 1073 318 1099 sensu
343 1059 635 1111 conjectur‘aque
658 1072 889 1110 raperemur.
917 1058 1056 1109 Neque
1085 1057 1189 1096 enim
1215 1057 1319 1095 ullus

206 1115 304 1154 alius
331 1113 605 1152 discordiarum
631 1113 725 1151 solet
753 1125 831 1151 esse
860 1112 984 1151 exitus
1013 1111 1112 1149 inter
1140 1111 1258 1150 claros
1282 1117 1320 1148 et

207 1175 380 1220 potentes
398 1167 509 1215 viros,
529 1167 602 1205 nisi
629 1174 696 1205 aut
720 1166 917 1205 universus
938 1165 1127 1213 interitus,
1151 1171 1219 1203 aut
1242 1164 1320 1203 vic-

208 1223 300 1261 toris
317 1221 548 1269 dominatus,
568 1228 636 1258 aut
653 1233 826 1271 regnum.
856 1219 1045 1257 Dissensit
1066 1231 1155 1256 cum
1174 1217 1318 1266 Mario,

210 1275 417 1314 clarissimo
436 1275 528 1322 cive,
549 1274 680 1313 consul
691 1273 949 1312 nobilissimus
961 1279 998 1310 et
1016 1272 1254 1319 fortissimus,
1269 1271 1318 1309 L.

209 1329 330 1367 Sulla.
361 1328 516 1366 Horum
546 1334 705 1379 uterque
732 1327 786 1365 ita
815 1326 947 1365 cecidit
974 1325 1108 1373 victus,
1137 1332 1182 1363 ut
1204 1325 1322 1363 vietor

209 1382 313 1421 idem
326 1381 549 1433 regnaverit.
570 1380 673 1419 Cum
685 1380 845 1420 Octavio
852 1379 996 1430 collega
1008 1379 1134 1418 Cinna
1145 1379 1319 1417 dissedit:

211 1436 366 1487 utrique
393 1435 532 1473 horum
551 1434 716 1473 secunda
738 1434 892 1473 fortuna
908 1445 1070 1484 regnum
1088 1440 1143 1471 est
1170 1432 1321 1483 largita,

213 1489 369 1528 adversa
386 1496 560 1527 mortem.
591 1488 701 1526 Idem
715 1488 854 1526 iterum
866 1488 976 1526 Sulla
994 1487 1206 1538 superavit:
1237 1494 1323 1524 tum

214 1543 295 1582 sine
318 1543 437 1581 dubio
467 1542 603 1580 habuit
625 1542 790 1592 regalem
817 1547 1055 1593 potestatem,
1087 1553 1324 1592 quamquam

215 1596 492 1648 rempublicam
510 1596 754 1647 recuperavit.

270 1652 378 1689 Inest
397 1649 469 1689 hoc
490 1657 659 1700 tempore
686 1649 791 1687 haud
812 1650 1016 1687 obscurum
1039 1648 1186 1696 odium,
1212 1654 1327 1700 atque

216 1703 258 1742 id
275 1704 434 1742 insitum
452 1703 603 1755 penitus
626 1710 663 1740 et
680 1703 853 1744 inustum
871 1703 1008 1741 animis
1025 1702 1228 1740 hominum
1245 1714 1328 1745 am»

219 1757 505 1810 plissimorum:
535 1756 718 1795 dissident
739 1756 951 1808 principes:
982 1762 1154 1807 captatur
1171 1755 1326 1794 occasio.

220 1811 304 1863 Qui
333 1824 410 1850 non
437 1818 589 1849 tantum
607 1811 742 1862 opibus
764 1811 904 1858 valent,
924 1810 1048 1848 nescio
1066 1822 1184 1861 quam
1207 1808 1328 1847 fortu-

219 1864 313 1904 nam
331 1872 460 1903 tamen
477 1877 522 1903 ac
546 1871 696 1915 tempus
715 1871 942 1916 exspectant.
973 1863 1056 1911 Qui
1080 1863 1160 1901 sine
1181 1869 1329 1901 contro-

220 1918 343 1961 versia
359 1919 447 1970 plus
464 1926 635 1970 possunt,
655 1918 696 1955 hi
707 1918 862 1956 fortasse
879 1929 1158 1968 nonnunquam
1175 1915 1332 1955 consilia

221 1984 266 2011 ac
284 1972 485 2013 sententias
502 1971 743 2010 inimicorum
769 1984 925 2010 suorum
944 1971 1207 2010 extimescunt.
1234 1969 1331 2008 Tol-

221 2026 325 2064 latur
341 2026 424 2067 haec
447 2039 468 2064 e
496 2025 645 2064 civitate
669 2025 875 2064 discordia:
902 2027 985 2075 jam
1007 2036 1139 2064 omnes
1165 2023 1241 2072 isti,
1261 2022 1332 2080 qui

219 2080 501 2131 portenduntur
529 2086 667 2126 metus,
698 2079 1013 2130 exstinguentur:
1040 2079 1122 2128 jam
1152 2077 1225 2116 ista
1253 2076 1331 2115 Ser-

224 2146 332 2184 pens,
353 2147 440 2186 quae
458 2141 542 2172 tum
560 2134 625 2172 hic
643 2133 839 2180 delitescit,
859 2140 944 2171 tum
968 2145 1009 2171 se
1026 2131 1186 2183 emergit
1203 2138 1242 2170 et
1258 2130 1333 2168 fer-.-

224 2194 286 2225 tur
303 2187 409 2237 illuc,
424 2200 637 2239 compressa
655 2195 770 2239 atque
787 2187 878 2226 elisa
895 2187 1088 2225 morietur.
