1435 2328
187 86 238 123 46
475 84 587 123 PRO
616 83 814 124 SULLA.
846 83 951 122 cst.
972 85 1010 120 5.

185 192 289 229 vides
307 192 397 230 huic
415 191 556 241 adesse,
578 199 614 230 et
638 191 679 229 in
703 192 837 243 primis
856 191 907 238 Q.
930 190 1185 236 Hortensius;
1215 189 1298 242 qui,

186 258 274 283 cum
293 252 445 297 propter
461 245 643 284 honorem
663 258 705 283 ac
727 245 966 296 dignitatem,
994 251 1108 295 atque
1125 243 1299 282 animum

184 298 373 337 eximium
388 299 428 337 in
447 299 737 350 rempublicam,
758 307 842 336 tum
861 304 1013 349 propter
1032 309 1224 335 summam
1243 297 1300 335 fa-

186 353 458 401 miliaritatem,
480 365 753 404 summumque
772 365 940 390 amorem
954 351 994 388 in
1010 359 1159 402 patrem
1171 358 1298 396 tuum,

184 413 270 443 tum
290 407 570 452 communibus,
595 415 679 444 tum
698 406 897 457 praecipuis
916 405 1032 455 patris
1051 405 1108 442 tui
1121 404 1301 466 'periculis

185 463 506 498 commovebatur.
536 461 642 511 Ergo
664 460 773 497 istius
793 458 1060 509 conjurationis
1079 459 1221 496 crimen
1237 457 1302 495 de-

182 513 335 551 fensum
354 516 400 552 ab
421 527 464 552 eo
478 521 546 560 est,
568 515 635 565 qui
649 514 833 561 interfuit
847 513 914 574 qui
929 512 1117 563 cognovit,
1134 512 1201 572 qui
1215 524 1305 563 par-

182 567 300 618 ticeps
320 575 356 605 et
378 568 522 606 consilii
541 568 652 605 vestri
670 567 757 613 fuit
774 574 810 605 et
828 566 1001 604 timoris.
1033 567 1155 615 cujus,
1171 565 1212 603 in
1231 565 1303 603 hoc

183 620 342 659 crimine
356 622 627 672 propulsando,
640 633 728 659 cum
741 628 835 658 esset
848 619 1103 671 copiosissima
1113 627 1228 670 atque
1242 631 1303 656 or-

185 674 381 712 natissima
400 675 531 721 oratio,
553 683 680 713 tamen
695 686 771 712 non
790 675 918 712 minus
931 674 1052 710 inerat
1071 672 1302 711 auctoritatis

183 728 225 764 in
252 729 309 774 ee,
345 741 459 779 quam
490 728 692 766 facultatis.
734 728 846 765 Illius
877 728 994 778 igitur
1019 726 1299 775 conjurationis,

186 794 272 832 quae
299 782 398 820 facta
422 790 551 820 contra
570 795 649 828 vos,
678 782 802 819 delata
821 781 869 818 ad
888 794 968 828 vos,
992 793 1015 816 a
1033 780 1138 818 vobis
1156 781 1302 831 prolata

186 848 263 872 esse
275 835 425 883 dicitur,
440 849 509 886 ego
522 836 623 873 testis
640 848 718 873 esse
732 847 808 872 non
820 834 940 886 potui.
972 834 1064 870 Non
1075 833 1189 872 modo
1201 833 1304 871 enim

184 888 284 926 nihil
303 890 482 940 comperi,
511 889 575 927 sed
593 889 657 927 vix
679 888 727 926 ad
745 902 854 927 aures
873 901 976 926 meas
994 886 1102 925 istius
1121 887 1303 939 suspicio-

186 941 245 980 nis
264 943 369 980 fama
387 943 569 994 pervenit.

239 996 322 1043 Qui
334 997 529 1034 vobiscum
544 997 584 1034 in
600 997 753 1034 consilio
767 997 936 1044 fuerunt,
954 996 1020 1048 qui
1031 996 1226 1034 vobiscum
1238 995 1306 1033 illa

185 1052 412 1100 cognorunt,
430 1051 570 1101 quibus
589 1051 678 1101 ipsis
693 1051 904 1101 periculum
924 1059 1008 1088 tum
1020 1050 1174 1088 conflari
1192 1056 1305 1101 puta-

186 1104 315 1151 batur,
336 1104 403 1155 qui
421 1105 614 1142 Autronio
633 1116 709 1141 non
724 1105 928 1151 affuerunt,
953 1104 1020 1156 qui
1038 1105 1079 1141 in
1097 1104 1209 1141 illum
1230 1110 1304 1141 tes-

183 1157 344 1195 timonia
370 1158 500 1208 gravia
521 1158 713 1203 dixerunt,
741 1158 844 1196 hunc
866 1158 1090 1203 defendunt,
1113 1157 1204 1195 huic
1235 1156 1302 1194 ad-

186 1217 296 1255 sunt3
317 1211 357 1247 in
369 1211 484 1260 hujus
499 1211 666 1262 periculo
680 1212 885 1260 declarant,
899 1225 937 1250 se
952 1224 1028 1249 non
1043 1210 1199 1249 crimine
1211 1223 1299 1249 con-

184 1264 399 1312 jurationis,
422 1277 469 1302 ne
488 1265 658 1302 adessent
678 1265 831 1311 caeteris,
851 1266 915 1303 sed
933 1264 1135 1303 hominum
1153 1264 1301 1302 malefi-

185 1317 256 1365 cio,
273 1317 466 1356 deterritos
485 1331 573 1356 esse.
604 1318 689 1355 Mei
708 1320 922 1356 consulatus
942 1326 1070 1356 autem
1086 1325 1252 1369 tempus,
1267 1326 1304 1356 et

184 1370 326 1408 crimen
347 1372 526 1409 maximae
541 1372 822 1420 conjurationis,
844 1387 866 1410 a
884 1386 947 1410 me
961 1371 1193 1410 defendetur.
1224 1374 1302 1410 At-

183 1437 259 1475 que
286 1425 384 1462 inter
411 1437 479 1463 nos
501 1426 653 1476 partitio
675 1438 751 1463 non
777 1434 831 1464 est
856 1427 1025 1472 fortuito,
1050 1425 1209 1475 judices,
1233 1438 1302 1464 nec

183 1485 324 1516 temere
342 1478 464 1517 facta:
497 1479 575 1526 sed,
593 1493 680 1517 cum
699 1480 926 1525 videremus,
948 1493 1078 1518 eorum
1097 1479 1302 1517 criminum

184 1544 252 1570 nos
278 1540 454 1583 patronos
474 1533 658 1580 adhiberi,
679 1547 842 1584 quorum
863 1541 972 1571 testes
993 1546 1072 1571 esse
1089 1546 1298 1583 possemus,

186 1593 346 1637 uterque
365 1589 535 1624 nostrum
554 1587 594 1624 id
609 1587 679 1624 sibi
695 1587 976 1638 suscipiendum
989 1586 1152 1638 putavit,
1165 1586 1212 1625 de
1223 1599 1300 1638 quo

186 1639 334 1690 aliquid
353 1640 446 1677 scire
464 1640 545 1691 ipse
564 1648 678 1690 atque
693 1640 908 1678 existimare
925 1641 1122 1692 potuisset.

241 1693 292 1731 V.
322 1693 389 1741 Et,
412 1694 592 1744 quoniam
607 1694 653 1731 de
671 1694 893 1732 criminibus
908 1694 1109 1745 superioris
1127 1695 1302 1743 conjura-

187 1746 301 1784 tionis
318 1747 570 1785 Hortensium
583 1748 784 1798 diligenter
796 1748 969 1796 audistis,
984 1748 1031 1786 de
1045 1748 1116 1786 hac
1128 1749 1302 1798 conjura-

187 1800 303 1848 tione,
325 1814 424 1852 quae,
439 1813 502 1839 me
517 1802 683 1851 consule,
704 1801 804 1840 facta
817 1810 886 1852 est,
901 1802 972 1840 hoc
989 1801 1161 1853 primum
1178 1808 1301 1840 atten-

189 1853 278 1892 dite.

240 1907 386 1957 Multa,
407 1922 496 1947 cum
520 1923 638 1948 essem
657 1910 802 1958 consul,
823 1910 870 1948 de
895 1909 1056 1948 summis
1080 1908 1299 1961 reipublicae

186 1961 363 2012 periculis
396 1963 549 2008 audivi;
591 1964 715 2002 multa
743 1964 900 2015 quaesivi
917 1978 928 2008 ς
968 1964 1094 2001 multa
1128 1961 1299 2014 cognovi.

188 2014 335 2052 Nullus
353 2028 526 2067 unquam
545 2017 592 2055 de
611 2018 720 2056 Sulla
737 2017 896 2055 nuntius
915 2017 963 2055 ad
977 2030 1054 2060 me,
1074 2016 1252 2054 nullum
1241 2028 1301 2053 m-

186 2067 344 2116 dicium,
375 2071 492 2108 nullae
522 2071 641 2109 literoe
676 2078 942 2122 pervenerunt,
980 2070 1088 2108 nulla
1124 2069 1297 2129 suspicio.

188 2120 364 2160 Multum
383 2123 464 2162 haec
483 2137 557 2162 vox
585 2126 741 2164 fortasse
759 2125 911 2163 deberet
930 2125 1053 2163 valere
1072 2125 1155 2174 ejus
1172 2121 1298 2161 homi-

181 2174 258 2223 ⁴nis,
290 2176 356 2228 qui
387 2179 519 2216 consul
542 2178 696 2217 insidias
722 2178 939 2230 reipublicae
967 2178 1124 2217 consilio
1146 2175 1299 2215 inxesti-
