1425 2334
358 72 469 112 PRO
498 72 720 112 sEx'rlo.
751 73 854 110 (axv.
885 74 920 108 6.
1111 71 1189 114 ’267

148 177 266 217 Hunc
295 179 411 230 igitur
439 180 611 217 animum
644 179 692 216 ad
722 178 956 217 tribunatum
990 178 1117 216 attulit
1146 178 1190 215 P.

95 231 271 277 Sextium
300 239 344 269 ut
371 240 600 283 quaesturam
632 231 867 270 Macedoniae
895 232 1124 282 relinquam,
1155 239 1192 268 et

93 283 296 335 aliquando
313 285 361 323 ad
375 286 454 324 haec
467 286 643 337 propiora
661 285 821 323 veniam.
851 285 1100 336 Quamquam
1116 297 1191 322 non

95 345 149 374 est
177 338 384 377 omittenda
412 339 612 390 singularis
636 338 701 376 illa
725 338 919 389 integritas
941 338 1191 389 provincialis,

94 391 201 439 cujus
232 404 302 442 ego
333 405 454 443 nuper
489 393 529 430 in
561 392 789 430 Macedonia
820 392 898 429 vidi
938 391 1092 442 vaetigia
1117 403 1191 428 non

94 456 221 493 pressa
237 445 368 483 leviter
385 446 433 483 ad
453 446 581 497 exigui
599 445 903 497 praedicationem
922 445 1114 495 temporis,
1128 444 1193 482 sed

94 497 170 534 fixa
204 497 254 536 ad
288 499 511 538 memoriam
546 500 648 538 illius
676 498 876 550 provinciae
912 498 1192 549 sempiternam.

94 550 241 589 verum
267 551 348 590 haec
365 553 418 590 ita
441 560 720 604 praetereamus,
740 560 784 590 ut
802 559 928 590 tamen
948 552 1137 589 intuentes
1156 558 1192 589 et

91 613 339 655 respectantes
356 606 628 657 relinquamus.

146 658 222 696 VI.
250 658 319 696 Ad
348 659 598 707 tribunatum,
625 659 716 711 quia
743 660 822 711 ipse
857 659 905 697 ad
933 672 1010 697 sese
1039 657 1194 707 jamdu-

93 710 188 748 dum
217 720 337 761 vocat,
382 721 419 751 et
454 713 734 764 quodammodo
776 714 949 751 absorbet
986 711 1193 750 orationem

93 776 234 814 meam,
260 773 434 804 contento
453 767 576 804 studio
595 779 782 818 cursuque
801 766 1008 805 veniamus.
1038 765 1100 802 De
1118 777 1195 815 quo

92 817 247 867 quidem
265 819 460 858 tribunatu
480 820 534 858 ita
547 820 691 858 dictum
710 833 733 858 a
751 820 802 867 Q.
817 819 1036 865 Hortensio,
1052 824 1096 856 ut
1114 819 1196 866 ejus

91 871 208 909 oratio
236 884 313 910 non
343 873 597 911 defensionem
627 874 741 912 modo
771 873 974 910 criminum
1007 871 1196 910 videretur

90 924 293 974 continere,
313 926 378 964 sed
397 926 512 964 etiam
529 928 714 965 memori-21
731 926 847 977 digna
865 933 974 973 esset,
995 925 1052 962 uti
1071 930 1108 962 et
1125 924 1197 962 rei-

89 978 251 1027 publicae
262 980 495 1030 capessendae
505 980 764 1018 auctoritatem
777 979 1090 1030 disciplinamque
1100 991 1196 1028 prae-

91 1031 276 1070 scriberet.
306 1033 381 1071 Sed
412 1040 552 1081 tamen,
586 1034 767 1084 quoniam
798 1033 1011 1071 tribunatus
1040 1031 1196 1082 quidem

91 1090 193 1122 totus
212 1085 258 1123 P.
283 1086 404 1124 Sextii
428 1087 525 1124 nihil
551 1087 655 1125 aliud
681 1087 753 1125 nisi
779 1099 911 1124 meum
939 1097 1076 1124 nomen
1108 1096 1195 1122 cau-⁷

91 1150 249 1189 samque
277 1139 470 1187 sustinuit,
501 1140 705 1178 necessario
730 1140 826 1177 mihi
848 1139 896 1176 de
923 1138 1057 1177 iisdem
1085 1139 1197 1175 rebus

91 1202 171 1229 esse
188 1191 361 1240 arbitror,
381 1193 413 1231 si
430 1205 507 1231 non
522 1193 699 1232 subtilius
716 1192 1005 1244 disputandum,
1026 1198 1065 1228 at
1083 1197 1196 1237 certe,

86 1244 247 1293 judices,
274 1245 463 1285 dolentius
487 1247 775 1298 deplorandum.
806 1246 898 1293 Qua
916 1246 956 1282 in
981 1245 1148 1282 oratione
1165 1244 1196 1281 si

90 1298 258 1349 asperius
286 1298 326 1336 in
357 1299 544 1351 quosdam
573 1300 744 1338 homines
772 1299 900 1337 invehi
929 1299 1079 1345 vellem,
1111 1297 1197 1348 quis

89 1363 167 1389 non
186 1352 414 1400 concederet,
443 1360 487 1391 ut
515 1365 591 1401 eos,
618 1365 782 1404 quorum
803 1351 947 1390 sceleris
971 1351 1098 1389 furore
1116 1351 1195 1388 vio-

89 1404 189 1443 latus
208 1417 340 1453 essem,
371 1406 471 1445 vocis
495 1406 667 1444 libertate
691 1406 979 1458 perstringerem
996 1407 1014 1443 ?
1043 1403 1132 1452 Sed,
1153 1410 1196 1441 ut

87 1470 201 1509 agam
233 1459 438 1508 moderate,
473 1466 510 1498 et
545 1460 635 1498 huic
663 1460 790 1511 potius
822 1459 983 1510 tempori
1019 1457 1194 1503 serviam,

86 1524 205 1562 quam
223 1511 343 1550 dolori
360 1525 471 1559 meo;
501 1512 534 1551 si
553 1513 620 1564 qui
638 1513 782 1552 occulte
793 1526 816 1551 a
834 1513 955 1550 salute
973 1510 1102 1550 nostra
1120 1510 1197 1548 dis-

88 1564 268 1612 sentiunt,
287 1566 431 1605 lateant
446 1581 457 1604 :
487 1566 519 1604 si
539 1567 606 1617 qui
623 1566 793 1605 fecerunt
811 1565 958 1617 aliquid
975 1563 1195 1616 aliquando,

86 1625 202 1669 atque
219 1618 335 1656 iidem
354 1631 456 1658 nunc
481 1626 620 1669 tacent,
647 1627 684 1658 et
702 1620 927 1671 quiescunt;
957 1631 1026 1657 nos
1045 1630 1198 1669 quoque

87 1671 207 1709 simus
226 1672 345 1710 obliti.
374 1673 417 1711 Si
438 1673 506 1724 qui
531 1685 570 1711 se
599 1673 762 1711 offerunt
780 1673 997 1720 insolenter,
1024 1679 1062 1709 et
1079 1671 1198 1709 insecn

88 1731 241 1770 tantur3
278 1725 404 1776 quoad
432 1726 521 1764 ferri
556 1733 747 1777 poterunt,
785 1726 1043 1777 perferemus3
1073 1736 1196 1775 neque

90 1790 324 1830 quemquam
341 1778 506 1817 offendet
523 1780 641 1818 oratio
655 1792 754 1829 mea,
774 1779 848 1818 nisi
872 1779 941 1830 qui
958 1791 997 1818 se
1014 1778 1068 1816 ita
1085 1779 1196 1815 obtu-

88 1830 188 1879 lerit,
207 1838 252 1869 ut
280 1831 320 1870 in
339 1843 429 1870 eum
446 1844 523 1870 non
541 1832 733 1882 invasisse,
753 1833 819 1871 sed
836 1832 1049 1879 incurrisse,
1070 1830 1196 1869 videa-

91 1896 191 1923 mur.

144 1937 220 1976 Sed
237 1949 384 1977 necesse
403 1946 473 1987 est,
493 1946 698 1991 antequam
723 1939 771 1978 de
789 1939 984 1978 tribunatu
1004 1938 1049 1976 P.
1076 1935 1196 1975 Sextii

91 1991 213 2029 dicere
241 1990 434 2042 incipiam,
463 2004 526 2030 me
553 2000 689 2042 totum,
714 1993 914 2044 superioris
936 1990 1040 2037 anni,
1072 1990 1197 2040 reipu-

92 2044 200 2082 blicae
229 2044 474 2095 naufragium
498 2059 713 2097 exponere:
742 2047 783 2085 in
806 2058 883 2097 quo
911 2042 1135 2094 colligendo,
1154 2054 1197 2079 ac

91 2097 293 2136 reficienda
328 2099 448 2136 salute
483 2100 691 2147 communi,
729 2100 858 2138 omnia
888 2097 1118 2150 reperientur
1151 2095 1196 2133 P.

89 2150 210 2190 Sextii
230 2150 344 2202 dicta,
364 2151 476 2202 facta,
497 2153 652 2192 consilia
670 2159 826 2192 versata.
