1435 2328
484 425 651 474 POST
687 427 994 474 REDITUM
1030 427 1094 474 ΙΙ.

288 538 321 577 I.
352 540 489 588 QUOD
509 550 681 593 precatus
700 557 722 581 a
740 544 839 582 Jove
851 543 1012 594 Optimo
1025 542 1217 591 Maximo,
1231 548 1339 580 caete-

232 593 359 644 risque
377 595 465 633 Diis
478 596 771 644 immortalibus,
788 610 886 644 sum,
901 597 1084 644 Quirites,
1101 609 1144 634 eo
1156 604 1338 647 tempore,

231 660 319 684 cum
340 661 401 686 me
426 649 671 701 fortunasque
690 663 807 698 meas,
836 663 904 701 pro
923 651 1046 688 vestra
1066 650 1338 697 incolumitate,

231 700 321 747 otio,
343 703 615 754 concordiaque
633 703 779 750 devovi,
809 711 866 751 ut,
898 703 928 741 si
953 716 1056 741 meas
1080 703 1241 741 rationes
1268 715 1341 740 un-

231 768 349 805 quam
369 763 499 793 vestrae
518 756 627 794 saluti
649 757 956 808 anteposuissem,
978 757 1244 808 sempiternam
1263 769 1341 807 poe-

231 819 322 845 nam
335 810 572 858 sustinerem,
589 811 675 848 mea
688 811 881 848 voluntate
893 818 1103 861 susceptam
1119 824 1128 848 :
1159 809 1216 847 sin
1231 817 1268 848 et
1282 823 1338 858 ea,

231 874 317 912 quae
336 870 422 900 ante
440 876 640 913 gesseram,
662 865 922 902 conservandae
946 864 1104 902 civitatis
1129 862 1240 902 causa
1257 876 1341 914 ges-

230 915 375 962 sissem,
397 924 434 953 et
451 916 558 954 illam
577 918 754 955 miseram
773 918 1040 968 profectionem
1059 924 1191 955 vestrae
1209 916 1340 955 salutis

230 969 356 1019 grati-22
376 970 620 1021 suscepissem
638 985 649 1016 ς
680 978 736 1019 ut,
757 971 860 1022 quod
878 971 1010 1008 odium
1030 971 1196 1009 scelerati
1215 969 1340 1008 homi-

229 1034 296 1060 nes
316 1031 352 1060 et
371 1023 542 1071 audaces,
574 1025 612 1061 in
632 1025 907 1075 rempublicam
937 1032 974 1062 et
1002 1024 1041 1062 in
1067 1036 1198 1062 omnes
1221 1026 1339 1062 bonos

230 1085 467 1127 conceptum,
485 1077 634 1126 jamdiu
649 1078 893 1125 continerent,
913 1078 952 1116 id
970 1078 1011 1114 in
1029 1091 1092 1115 me
1110 1090 1187 1116 uno
1197 1077 1338 1129 potius,

229 1142 346 1179 quam
359 1130 398 1166 in
413 1131 556 1181 optimo
568 1145 733 1192 quoque,
748 1132 835 1170 etin
846 1131 1021 1169 universa
1032 1131 1238 1182 republica,
1254 1129 1341 1179 [de-

228 1183 377 1221 ficeret.
385 1185 400 1235 ]
431 1184 502 1222 hoc
521 1184 551 1222 si
570 1185 697 1223 animo
715 1185 755 1222 in
775 1198 839 1223 vos
857 1184 1069 1235 liberosque
1086 1192 1226 1223 vestros
1244 1184 1339 1221 fuis-

227 1248 322 1297 sem,
338 1244 382 1274 ut
401 1237 604 1288 aliquando
617 1251 694 1285 vos,
715 1246 839 1299 patres
854 1239 1093 1288 conscriptos,
1108 1238 1339 1289 Italiamque

226 1290 457 1337 universam,
477 1292 660 1329 memoria
678 1293 768 1339 mei,
797 1291 1065 1338 misericordia,
1093 1291 1338 1329 desiderium-

227 1356 302 1393 que
320 1351 486 1389 teneret3
517 1346 598 1394 ejus
617 1345 823 1383 devotionis
840 1358 903 1383 me
915 1358 992 1383 esse
1007 1345 1220 1383 convictum
1231 1345 1336 1394 judi-

227 1396 283 1434 cio
302 1396 475 1435 Deorum
503 1398 793 1446 immortalium,
824 1399 1038 1437 testimonio
1058 1401 1218 1446 senatus,
1248 1410 1338 1436 con-

225 1461 336 1487 sensu
368 1451 504 1499 Italiae,
536 1451 763 1490 confessione
791 1452 1047 1500 inimicorum,
1073 1451 1253 1490 beneficio
1277 1451 1336 1489 di-

225 1503 312 1541 vino
341 1503 625 1555 immortalique
651 1514 786 1551 vestro,
811 1505 979 1543 maxime
1005 1506 1125 1552 laetor,
1153 1505 1334 1552 Quirites.

223 1556 310 1594 Etsi
328 1557 475 1595 homini
504 1559 599 1596 nihil
619 1566 673 1596 est
690 1559 813 1610 magis
831 1559 1056 1610 optandum,
1082 1571 1200 1610 quam
1229 1571 1335 1620 pros-

221 1623 325 1661 pera,
354 1612 562 1662 aequabilis,
592 1621 848 1664 perpetuaque
872 1613 1038 1660 fortuna,
1067 1612 1230 1650 secundo
1247 1612 1336 1650 vitae

222 1664 302 1702 sine
321 1663 400 1701 ulla
418 1665 621 1704 offensione
639 1679 776 1712 cursu;
807 1674 948 1713 tamen,
970 1666 1001 1704 si
1018 1665 1115 1703 mihi
1129 1666 1335 1717 tranquilla

222 1725 260 1756 et
290 1719 438 1768 placata
467 1719 595 1757 omnia
623 1719 806 1766 fuissent;
840 1719 1050 1758 incredibili
1080 1718 1262 1770 quadam,
1296 1727 1334 1756 et

221 1784 330 1822 paene
349 1772 490 1821 divina,
512 1774 589 1824 qua
608 1785 723 1821 nunc,
745 1780 867 1812 vestro
885 1772 1080 1822 beneficio,
1099 1772 1218 1822 fruor,
1237 1771 1334 1810 laeti-

224 1825 286 1862 tiae
305 1826 498 1876 voluptate
516 1826 728 1865 caruissem.

275 1878 383 1926 Quid
401 1880 549 1917 dulcius
568 1880 769 1918 hominum
787 1881 915 1932 generi
929 1894 952 1918 a
964 1879 1102 1919 natura
1112 1880 1247 1918 datum
1259 1887 1329 1929 est,

220 1945 338 1983 quam
358 1933 416 1970 sui
435 1933 570 1984 cuique
587 1933 697 1972 liberi
710 1934 728 1970 ’ἓ
756 1935 852 1972 1111111
866 1947 966 1982 vero,
982 1941 1018 1972 et
1036 1941 1189 1984 propter
1202 1932 1330 1972 indul-

220 1986 388 2036 gentiam
403 1999 542 2034 meam,
559 1995 596 2025 et
609 1995 761 2038 propter
773 1988 957 2026 excellens
969 2000 1098 2026 eorum
1113 1987 1327 2037 ingenium,

219 2039 298 2077 vita
327 2047 415 2078 sunt
442 2041 528 2078 mea
557 2041 738 2079 cariores:
768 2049 895 2079 tamen
914 2053 991 2079 non
1010 2040 1117 2079 tanta
1135 2040 1329 2091 voluptate

218 2101 324 2131 erant
341 2094 515 2145 suscepti,
532 2093 674 2145 quanta
692 2107 794 2133 nunc
812 2102 901 2132 sunt
918 2094 1092 2132 restituti.
1121 2093 1234 2131 Nihil
1247 2094 1328 2132 eui-

218 2159 335 2197 quam
353 2147 427 2186 fuit
445 2160 617 2200 unquam
633 2148 854 2197 jucundius,
874 2161 992 2200 quam
1010 2147 1106 2186 mihi
1125 2160 1234 2186 meus
1251 2147 1328 2186 fra-
