1455 2343
184 74 263 113 392
310 71 387 110 DE
410 67 692 110 PROVINC.
715 68 953 107 CONSUL.
985 68 1092 108 CAP.
1117 70 1180 107 15.

187 180 344 219 buisset.
392 177 493 226 Quae
515 178 597 226 jam
623 176 711 214 licet
741 175 962 214 considant:
991 175 1090 214 nihil
1122 183 1178 215 est
1207 176 1312 215 enim

189 234 292 272 ultra
320 233 428 270 illam
459 230 701 270 altitudinem
730 229 936 275 montium,
957 243 1079 281 usque
1109 230 1158 268 ad
1186 229 1311 269 Ocea-

191 299 301 334 num,
328 285 431 337 quod
450 285 499 322 sit
518 284 641 322 Italiae
669 283 1024 335 pertimescendum.
1074 283 1149 323 Sed
1180 291 1311 322 tamen

192 353 272 378 una
290 347 412 399 atque
423 339 540 376 altera
559 345 680 398 aestas,
702 337 762 375 vel
781 344 900 384 metu,
928 338 988 375 vel
1007 350 1087 388 spe,
1107 337 1167 375 vel
1186 350 1312 388 poena,

193 394 255 432 vel
269 392 447 444 praemiis,
468 392 528 429 vel
543 391 671 435 armis,
692 391 752 428 vel
770 390 932 441 legibus,
948 397 1071 441 potest
1082 397 1203 429 totam
1217 391 1313 429 Gal-

197 448 290 486 liam
315 445 550 512 sempiternis
569 444 728 482 vinculis
744 442 986 494 adstringere.
1016 444 1210 495 Impolitae
1227 457 1316 483 vero

197 514 270 548 res,
287 507 323 539 et
341 501 496 545 acerbae,
519 498 549 536 si
569 506 678 536 erunt
696 497 860 542 relictae3
891 509 1128 548 quamquam
1147 504 1236 536 sunt
1254 511 1317 536 ac-

198 554 298 600 cisae,
319 561 447 591 tamen
462 552 617 590 efferent
636 564 674 589 se
693 550 912 601 aliquando,
933 558 970 589 et
987 550 1037 588 ad
1055 551 1318 590 renovandum

199 609 347 647 bellum
367 606 600 644 revirescent.

257 661 387 708 Quare
407 660 453 697 sit
471 659 511 696 in
531 660 612 708 ejus
631 656 752 696 tutela
772 657 912 705 Gana,
927 658 1035 707 cujus
1046 657 1194 706 virtuti,
1214 657 1317 706 fidei,

204 713 388 759 felicitati,
405 712 669 751 commendata
687 718 753 750 est.
782 711 954 759 Etenim,
975 712 1020 758 si,
1035 711 1216 749 Fortunae
1233 724 1322 750 mu-

205 768 359 806 neribus
378 766 622 817 amplissimis
636 772 804 812 ornatus,
824 765 960 816 saepius
975 766 1056 814 ejus
1067 764 1164 804 Deae
1176 766 1326 816 pericu·

207 822 291 859 lum
307 821 428 858 facere
446 821 591 865 nollet3
613 819 644 857 si
663 820 701 856 in
721 818 899 869 patriam,
921 818 952 856 si
970 818 1018 856 ad
1033 818 1137 857 Deos
1154 826 1323 870 penates,

208 875 242 913 si
261 875 310 912 ad
337 886 421 912 eam
441 873 664 934 dignitatem
685 884 803 923 quam
830 871 871 909 in
899 872 1048 910 civitate
1067 872 1138 910 sibi
1156 872 1326 923 proposi-

209 935 291 966 tam
310 928 425 974 w'det,
447 927 478 965 si
497 927 545 964 ad
561 925 855 976 jucundissimos
877 925 1042 986 liberos,
1051 925 1082 963 si
1100 925 1149 964 ad
1168 925 1330 964 clarissi-

208 993 320 1019 mum
346 993 544 1032 generum,
573 980 693 1018 redire
710 986 951 1039 properaret3
982 979 1014 1017 si
1031 979 1071 1016 in
1091 979 1327 1030 Capitolium

209 1034 339 1073 invehi
364 1035 480 1072 victor
497 1046 586 1072 cum
604 1033 700 1070 1113
690 1032 832 1082 insigni
856 1032 986 1070 laurea
1003 1032 1180 1083 gestiret3
1211 1032 1244 1070 si
1263 1033 1329 1071 de-

171 1104 178 1109 *
209 1089 328 1139 nique
346 1088 495 1125 timeret
509 1099 638 1125 casum
658 1086 839 1137 aliquem,
861 1086 928 1137 qui
946 1085 1004 1123 illi
1022 1093 1172 1124 tantum
1191 1086 1329 1125 addere

207 1143 291 1192 jam
319 1153 395 1179 non
414 1148 552 1192 potest,
573 1148 761 1191 quantum
787 1139 957 1185 auferre3
988 1153 1054 1178 vos
1072 1147 1200 1178 tamen
1218 1152 1329 1191 opor-

212 1202 319 1241 teret,
348 1197 395 1233 ab
429 1194 561 1232 eodem
587 1194 653 1231 illa
682 1193 824 1239 omnia,
845 1206 868 1231 a
895 1206 972 1244 quo
1000 1193 1200 1244 profligata
1224 1199 1327 1242 sunt,

214 1249 347 1287 confici
366 1248 472 1286 v.elle
515 1247 617 1285 Cum
637 1260 723 1286 vero
748 1247 813 1284 ille
831 1260 909 1284 suae
927 1247 1057 1297 gloriae
1081 1246 1329 1298 jampridem,

212 1302 431 1353 reipublicae
449 1301 636 1347 nondum,
656 1300 898 1345 satisfecerim
930 1307 968 1338 et
985 1300 1095 1338 malit
1109 1308 1236 1339 tamen
1255 1308 1331 1339 tar-

214 1355 301 1393 dius
330 1355 379 1392 ad
409 1367 565 1392 suorum
593 1355 768 1391 laborum
796 1354 942 1391 fructus
973 1353 1182 1404 pervenire,
1213 1366 1332 1404 quam

149 1416 152 1419 '
214 1420 293 1447 non
313 1408 464 1459 explere
489 1415 707 1457 susceptum
735 1406 952 1457 reipublicae
974 1419 1142 1452 munus;
1172 1419 1241 1445 nec
1258 1408 1332 1445 im-

216 1470 440 1514 peratorem,
471 1461 669 1498 incensum
697 1460 746 1498 ad
774 1460 1050 1510 rempublicam
1080 1462 1176 1498 bene
1200 1473 1334 1511 geren·

217 1516 322 1562 dam,
348 1528 413 1553 rev
414 1527 533 1559 ocare,
568 1526 636 1552 nec
672 1520 791 1551 totam
826 1513 966 1551 Gallici
1005 1514 1097 1552 belli
1132 1514 1332 1562 rationem,

216 1582 335 1621 prope
346 1570 427 1618 jam
447 1567 688 1618 explicatam,
709 1568 928 1618 perturbare
945 1574 1061 1618 atque
1074 1567 1258 1618 impedire
1269 1568 1336 1606 de-

217 1624 365 1661 bemus.

275 1676 370 1714 XV.
400 1676 504 1713 Nam
528 1675 604 1712 illae
636 1674 829 1713 sententiae
850 1674 1018 1712 virorum
1041 1674 1334 1714 clarissimorum

223 1729 384 1768 minime
413 1729 617 1780 probandae
649 1736 751 1775 sunt,
792 1740 957 1779 quorum
995 1728 1090 1766 alter
1120 1728 1337 1768 ulteriorem

223 1783 393 1821 Galliam
417 1782 582 1820 decernit
610 1794 699 1820 cum
729 1782 853 1832 Syria,
885 1782 980 1819 alter
1005 1781 1225 1820 citeriorem.
1254 1782 1336 1830 Qui

222 1837 455 1884 ulteriorem,
475 1835 603 1873 omnia
616 1835 695 1881 illa,
717 1836 764 1873 de
783 1835 922 1887 quibus
935 1835 1094 1873 disserui
1106 1836 1222 1886 paulo
1236 1843 1337 1883 ante,

224 1892 445 1942 perturbat3
475 1889 591 1927 simul
621 1889 796 1936 ostendit,
835 1901 919 1927 eam
947 1902 986 1927 se
1017 1888 1168 1927 sciscere
1197 1889 1335 1950 legem,

226 1957 346 1995 quam
369 1956 446 1982 esse
463 1943 587 1993 legem
611 1950 746 1993 neget3
777 1949 827 1987 et,
848 1956 934 1994 quae
952 1955 1039 1994 pars
1056 1943 1258 1994 provinciae
1275 1942 1337 1990 sit,

227 1998 292 2036 cui
309 2010 385 2035 non
404 1996 520 2048 possit
538 1997 730 2044 intercedi,
761 1996 859 2034 hanc
883 2009 922 2035 se
948 1996 1132 2041 avellere3
1159 2010 1248 2047 quae
1275 1995 1341 2034 de-

228 2051 418 2091 fensorem
435 2051 587 2096 habeat,
606 2062 684 2089 non
703 2057 884 2102 tangere:
915 2050 1031 2089 simul
1058 2057 1096 2088 et
1120 2049 1217 2088 illud
1234 2049 1338 2097 facit,

230 2113 288 2150 ut,
308 2104 412 2157 quod
424 2104 482 2142 illi
503 2118 526 2143 a
543 2104 686 2156 populo
700 2103 835 2143 datum
849 2103 909 2153 sit,
929 2104 971 2142 id
984 2116 1062 2142 non
1080 2103 1219 2150 violet3
1240 2102 1342 2154 quod

211 2191 215 2194 .
230 2166 382 2198 senatus
395 2157 551 2207 dederit,
567 2157 607 2196 id
623 2164 769 2198 senator
788 2164 961 2210 properet
979 2157 1136 2197 auferre.
