1455 2343
255 94 329 139 172
458 97 571 137 PRO
600 98 773 139 DOMO
802 100 923 139 SUA.
955 100 1060 140 CAP.
1091 100 1154 138 46.

247 201 393 251 toritas,
415 217 471 252 ea,
491 213 644 257 propter
670 215 813 245 tantam
833 208 1136 257 conjunctionem
1155 205 1360 266 affinitaetttis,

248 255 373 294 minor
391 265 446 296 est
464 260 644 309 putanda.
684 262 751 299 Sin
774 272 901 299 autem
927 261 1080 300 scientia
1098 268 1153 299 est
1171 267 1329 320 queesuo
1344 272 1356 302 ;

247 309 333 359 quis
352 318 430 348 erat
444 312 572 350 minus
586 315 740 364 peritus,
757 329 875 366 quam
893 316 940 361 is,
956 315 1023 366 qui
1039 313 1168 365 paucis
1185 313 1261 350 ilhs
1278 312 1359 372 dle-

249 363 321 400 bus
339 362 378 400 in
398 365 599 416 collegium
620 378 770 406 venerat
787 371 803 407 ?
832 369 899 420 qui
919 369 1032 406 etiam
1051 368 1121 406 tibi
1140 373 1219 406 erat
1235 378 1358 426 magis

248 417 448 456 obstrictus
472 421 654 458 beneficio
679 422 831 469 recenti,
856 434 945 460 cum
970 435 1022 469 se,
1049 421 1204 459 fratrem
1230 431 1360 480 unons

248 477 338 518 tuae,
351 470 458 509 fratri
476 483 543 510 tuo
555 487 735 524 germano
747 477 957 513 antelatum
971 476 1122 513 videbat
1138 489 1148 511 :
1180 482 1249 512 εἰει
1262 485 1302 533 in
1314 485 1358 533 eo

247 523 457 573 providisti,
478 539 526 564 ne
551 527 665 565 frater
683 536 720 566 te
739 542 911 567 accusare
933 536 1068 580 posset.
1100 528 1214 566 Hanc
1227 534 1272 587 tu
1289 539 1361 576 lgi-

248 584 311 613 tur
329 577 603 618 dedicationem
622 582 804 632 appellas,
826 583 873 620 ad
892 595 1023 633 quam,
1043 595 1119 620 non
1139 581 1358 642 collegmm,

249 642 326 668 non
351 632 557 671 honoribus
579 636 712 685 populi
738 636 905 673 Romani
927 643 1103 674 ornatum
1128 636 1360 686 pontlhcem,

247 696 323 721 non
343 685 506 736 denique
525 688 798 726 adolescentem
824 702 1072 740 quemquam,
1096 701 1184 726 cum
1203 688 1360 746 haberes

247 738 287 774 in
307 739 463 789 collegio
481 740 808 790 faimliarissimos,
822 742 1000 780 adhibere
1016 741 1172 793 potuisti
1189 743 1206 779 ἓ
1235 740 1364 799 Affult

248 790 280 827 is
300 791 348 834 (si
367 792 480 830 modo
500 794 641 844 affuit),
663 809 778 846 quem
798 804 840 834 tu
859 795 1061 848 impulisti,
1081 807 1183 834 soror
1200 801 1360 844 rogawt,

250 852 371 882 mater
390 847 524 897 coegit.
1344 899 1357 911 Α

295 898 433 937 Videte
444 900 574 951 igitur,
588 903 797 953 pontifices,
811 903 904 954 quid
916 902 1087 941 statuatis
1098 903 1138 940 in
1156 900 1242 962 mea}
1252 914 1362 961 causa

249 951 297 988 de
316 953 489 990 omnium
509 955 681 994 fortunis.
711 957 865 1007 Ergone
882 956 1098 1008 pontificem
1112 963 1268 1007 putans,
1289 966 1363 992 sus

249 1012 399 1054 postem
418 1009 581 1046 tenuerit
601 1017 637 1048 et
652 1010 801 1062 aliquid
826 1011 978 1058 dixerit,
1005 1010 1164 1048 domum
1178 1009 1362 1069 ‘uniuscu-

248 1059 390 1110 jusque
419 1073 634 1101 consecrare
663 1067 804 1114 posse?
832 1065 891 1102 At
919 1064 1000 1102 istae
1029 1063 1293 1109 dedicatmnes,
1324 1068 1360 1099 et

251 1114 483 1163 templorum
514 1123 550 1153 et
582 1117 829 1155 delubrorum
858 1117 1071 1168 relig-iones,
1103 1117 1152 1154 ad
1180 1117 1361 1176 honorem

251 1164 424 1204 Deorum
447 1168 740 1218 immortalium,
762 1171 841 1209 sine
870 1172 951 1208 ulla
969 1171 1108 1209 civium
1135 1171 1361 1214 calamitate,

249 1231 273 1255 a
301 1221 509 1269 majoribus
538 1224 674 1262 nostris
704 1225 916 1262 constitutae
946 1232 1045 1261 sunt.
1088 1223 1160 1261 Est
1187 1223 1363 1260 inventus

250 1272 426 1311 tribunus
456 1276 590 1325 plebiS,
612 1277 693 1327 qui,
718 1278 977 1315 consularibus
1001 1277 1117 1328 copiis
1142 1276 1362 1322 instructus,

250 1326 357 1363 omni
382 1326 528 1378 impetu
558 1330 695 1368 furoris
723 1331 764 1368 in
795 1344 884 1368 eum
909 1331 1029 1368 civem
1053 1330 1217 1377 irruerit,
1248 1341 1364 1380 quem

248 1380 466 1430 perculsum
485 1382 568 1432 ipsa
586 1384 800 1434 respublica
819 1385 895 1422 suis
913 1384 1091 1422 manibus
1112 1383 1320 1442 extolleret3

302 1432 459 1472 XLVI.
489 1435 596 1482 Quid
611 1439 628 1474 Ρ
659 1437 690 1474 si
715 1438 800 1488 quis
819 1438 952 1475 similis
969 1438 1077 1475 istius
1097 1440 1239 1488 (neque
1258 1448 1360 1496 erum

247 1487 331 1535 jam
349 1486 522 1537 deerunt,
547 1490 614 1540 qui
643 1490 785 1529 imitari
810 1491 943 1538 velint)
963 1491 1131 1542 aliquem
1150 1490 1227 1528 mei
1255 1490 1364 1550 (1139.-

250 1539 398 1587 milem,
425 1541 486 1578 cui
511 1544 722 1594 respublica
743 1557 820 1582 non
851 1552 1002 1585 tantum
1026 1544 1174 1588 debeat,
1197 1556 1265 1594 per
1283 1555 1363 1602 vnn

252 1593 444 1639 afflixerit,
471 1595 630 1634 domum
659 1598 741 1646 ejus
763 1612 830 1649 per
848 1598 1066 1649 pontificem
1085 1597 1294 1642 dedicaria
1323 1596 1363 1633 ld

253 1659 318 1683 vos
337 1647 410 1684 ista
429 1650 648 1688 auctoritate
667 1652 899 1690 constituetis
926 1660 1053 1690 ratum
1072 1664 1149 1689 esse
1167 1651 1363 1709 oportere?

252 1699 412 1748 Dicetis,
447 1715 563 1752 quem
592 1705 751 1755 reperiet
778 1705 1031 1756 pontificem?
1062 1704 1203 1752 Quid?
1233 1710 1269 1741 et
1296 1710 1363 1740 tri-

252 1755 379 1791 bunus
410 1755 532 1805 plebis
561 1757 663 1795 idem
695 1771 772 1796 esse
803 1771 880 1797 non
912 1765 1035 1810 potest
1064 1757 1268 1808 pontifex?
1287 1756 1359 1817 .M‘

254 1805 419 1854 Drusus,
453 1809 518 1847 ille
547 1811 777 1849 clarissimus
812 1813 987 1850 tribunus
1016 1811 1152 1862 plebis,
1190 1809 1363 1862 pontifex

251 1859 337 1897 fuit.
366 1860 487 1911 Ergo,
520 1863 554 1901 si
581 1864 613 1902 is
644 1864 694 1912 Q.
723 1865 926 1916 Caepionis,
953 1865 1100 1903 inimici
1124 1864 1197 1911 sui,
1217 1870 1364 1914 postem

253 1913 394 1950 aedium
425 1916 618 1963 tenuisset,
646 1925 683 1955 et
707 1931 828 1969 pauca
849 1921 964 1957 verba
984 1919 1144 1966 fecisset,
1164 1916 1262 1955 aedes
1280 1917 1364 1955 Cae-

253 1966 376 2017 pionis
396 1976 517 2006 essent
535 1970 745 2010 dedicatae?
1205 2024 1213 2031 ⁸

308 2020 420 2057 Nihil
437 2022 571 2073 loquor
589 2024 636 2061 de
650 2025 841 2075 pontificio
857 2028 955 2075 jure,
976 2025 1073 2064 nihil
1084 2025 1132 2062 de
1144 2024 1264 2084 iP.S.¹¹¹⁵
1283 2036 1365 2061 ver-.

251 2074 310 2111 bis
329 2073 586 2124 dedicationis,
606 2078 703 2117 nihil
725 2078 771 2116 de
793 2080 988 2130 religione,
1008 2078 1256 2118 caerimonus:
1283 2088 1363 2136 .¹¹⁰‚¹¹

255 2127 454 2166 dissimulo
472 2142 534 2168 me
552 2131 692 2170 nescire
711 2145 767 2177 ea,
789 2146 874 2183 quae
904 2133 1018 2171 etiam
1037 2133 1070 2172 si
1087 2131 1234 2178 scirem,
1252 2130 1363 2190 dism-

256 2181 460 2231 mularem,
491 2195 539 2222 ne
568 2184 650 2224 aliis
678 2186 872 2235 molestus,
903 2186 1008 2225 vobis
1041 2185 1156 2224 etiam
1183 2195 1365 2231 cunosu5‚
