1389 2339
411 479 633 518 ORATIO
662 477 837 518 XXXV.

99 725 187 772 DE
222 727 599 774 PROVINCIIS
636 722 1158 774 CONSULARIBUS.

530 873 688 904 -ἡ,
715 890 719 892 ,

410 993 846 1034 ARGUMENTUM.

84 1118 225 1157 cmx
215 1131 254 1156 m
284 1118 446 1156 formam
465 1119 664 1170 provinciae
687 1118 834 1156 redacta
852 1125 948 1156 esset
964 1116 1064 1155 bello
1082 1116 1179 1154 victa

82 1172 198 1222 regio,
218 1172 463 1210 mittebatur
453 1185 493 1209 ιιι
512 1185 596 1210 eam
614 1173 743 1210 consul
761 1180 826 1209 aut
843 1178 979 1221 praetor
997 1168 1180 1221 (deposito

82 1225 303 1275 magistratu
322 1227 497 1271 urbano),
517 1226 584 1276 qui
598 1238 679 1263 eam
699 1224 988 1269 administraret,
1008 1223 1046 1260 h.
1061 1235 1093 1261 e.
1113 1228 1179 1259 aut

78 1278 376 1328 jurisdictionem
401 1278 519 1316 solam
548 1286 745 1324 exerceret,
776 1284 842 1316 aut
866 1276 980 1314 simul
998 1275 1125 1320 etiam,
1146 1274 1178 1312 si

82 1331 234 1383 quando
263 1343 358 1382 opus
395 1338 501 1378 esset,
539 1332 681 1369 bellum
719 1330 1004 1369 administraret.
1044 1328 1176 1376 Quam

80 1384 212 1423 consul
236 1384 532 1430 administrabat,
557 1384 772 1430 consularis,
796 1395 910 1434 quam
931 1389 1058 1420 autem
1082 1394 1178 1433 prae-

80 1445 150 1484 tor,
171 1437 356 1488 praetoria,
377 1438 646 1488 appellabatur.
677 1438 724 1475 In
742 1437 812 1474 hac
824 1448 910 1487 ergo
923 1435 1088 1474 oratione
1105 1434 1176 1473 hoc

79 1490 305 1541 disputatur,
338 1490 377 1527 in
406 1503 500 1541 quas
531 1490 737 1551 provincias
777 1489 960 1535 consules,
1003 1488 1181 1539 proxime

78 1543 217 1581 futuris
236 1543 396 1581 comitiis
415 1544 576 1589 creandi,
596 1543 696 1581 mitti
713 1543 884 1594 placeret.
913 1542 1014 1580 Eam
1042 1540 1177 1579 habuit

80 1596 239 1635 Cicero‘
229 1608 268 1633 m
287 1603 434 1643 senatu,
454 1609 541 1634 cum
560 1571 606 1634 de
625 1597 669 1634 ea
691 1610 730 1634 re
748 1604 899 1659 rogatus
917 1602 1012 1633 esset
1040 1607 1064 1632 a
1087 1605 1176 1631 con-

78 1650 160 1689 sule
178 1649 399 1687 sententiam
418 1662 438 1687 e
461 1650 543 1700 lege
562 1650 797 1701 Sempronia,
817 1662 892 1700 qua
910 1656 1064 1686 cautum
1083 1653 1175 1693 erat,

79 1711 137 1750 ut,
163 1709 249 1740 ante
282 1702 432 1740 comitia
453 1703 674 1749 consularia,
701 1709 852 1741 senatus
880 1699 1175 1747 decerneret,in

78 1768 174 1808 quas
202 1756 409 1806 provincias
431 1757 599 1794 consules
623 1755 806 1807 designati
829 1762 915 1806 post
939 1754 1176 1793 consulatum

80 1809 332 1856 mitterentur,
348 1809 458 1859 eique
476 1810 811 1848 senatus-consulto
829 1821 878 1846 ne
895 1806 1073 1845 intercedi
1091 1818 1178 1856 pos·

81 1870 149 1901 set.
177 1861 238 1899 Eo
262 1869 389 1899 autem
412 1869 553 1913 spectat
576 1863 760 1901 sententia
788 1860 991 1907 Ciceronis,
1022 1866 1066 1896 ut
1088 1858 1178 1897 Piso

81 1923 120 1954 et
144 1914 343 1962 Gabinius,
370 1927 416 1952 ex
438 1915 651 1965 provinciis,
671 1928 766 1966 quas
790 1915 897 1952 nullo
919 1914 1177 1952 senatus-con-

83 1969 197 2013 sulto,
217 1967 283 2005 sed
299 1967 381 2018 lege
399 1967 548 2015 Clodia,
561 1969 794 2015 obtinebant,
808 1975 845 2006 et
861 1966 1037 2004 omnibus
1053 1964 1177 2003 modis

79 2021 270 2062 vexabant
289 2028 325 2058 et
343 2021 565 2071 spoliabant,
584 2030 830 2066 revocentur;
859 2020 986 2071 eisque
1003 2017 1176 2057 succeda-

79 2083 145 2113 tur
161 2073 228 2121 sic,
247 2080 292 2111 ut
308 2074 482 2125 proximo
499 2087 599 2113 anno
616 2075 692 2114 sint
708 2074 904 2126 praetoriae,
924 2080 962 2111 et
989 2085 1012 2110 a
1029 2071 1177 2109 duobus

81 2126 273 2180 prementis
300 2127 389 2165 anni
417 2128 638 2180 praetoribus
668 2128 934 2171 obtineantur,
975 2138 1019 2164 eo
1045 2131 1175 2163 autem

79 2188 223 2229 exacto⁷
237 2181 446 2221 consulares
456 2181 561 2222 fiant.
590 2182 657 2231 Et,
674 2181 854 2234 quoniam
870 2179 937 2232 qui
951 2185 1037 2218 ante
1050 2177 1176 2229 ipsum

840 2246 865 2272 K
